2020 3358
172 1948 241 1975 Mai.
253 1949 277 1975 1.

181 2066 278 2097 (Iun.).

202 2240 277 2273 Aug.

293 294 338 329 78
660 291 780 330 ANN.
803 292 949 330 FULD.
974 293 1106 329 PARS
1130 293 1204 331 m.
1226 294 1478 340 (MOGONT.)

294 412 391 467 Ego
422 413 574 464 etiam,
617 416 839 468 quantum
870 414 919 455 in
950 428 1022 457 me
1053 418 1134 465 est,
1175 415 1263 458 tibi
1293 415 1632 470 indulgentiam
1661 416 1843 459 tribuo’.

294 471 425 513 Idem
463 485 570 514 vero
610 472 809 514 Karolus
855 475 958 528 post
998 474 1204 516 sedatam
1250 474 1627 516 infestationema
1673 475 1845 517 diaboli

293 530 397 572 viva
435 543 545 572 voce
584 531 742 572 multis
783 531 1076 573 audientibus
1115 532 1278 574 retulit
1318 546 1365 575 se
1394 528 1593 574 totiensb
1630 534 1845 576 adversae

293 589 512 643 potestati
550 590 788 639 traditum,
829 590 1040 643 quotiens
1081 593 1239 632 contra
1277 603 1431 645 regem
1464 592 1846 646 conspirationem

293 647 466 689 inisset.

435 705 635 747 Karolus
677 705 856 748 Galliae
901 708 1148 761 tyrannuse
1199 709 1391 762 paterna
1437 708 1727 750 miseratione
1773 709 1845 750 de-

294 764 442 818 posita
463 763 799 805 Karlmannum
830 764 977 806 filium
1007 779 1140 806 suum
1170 765 1220 806 in
1251 766 1518 807 diaconatus
1549 766 1701 808 officio
1733 767 1846 822 posi-

293 824 394 863 tum
407 822 422 847 1
453 835 693 865 excaecare
702 819 722 847 ‘¹
757 824 1014 878 praecepit‘⁵
1025 854 1035 864 .

434 880 618 923 Exactis
669 884 824 924 autem
876 882 1036 924 diebus
1082 882 1454 937 quadragesimae
1500 885 1547 925 et
1593 883 1846 925 ebdomada

266 941 527 997 ·.paschali²
565 941 698 983 finita
736 954 816 983 rex
856 941 911 983 de
952 937 1333 982 Fran00*n0furtf
1376 942 1603 984 transiens
1646 942 1695 982 in
1733 941 1846 984 villa
1859 955 1971 989 *aa*

293 1000 494 1042 Bisestat
507 1003 529 1030 8
553 1013 693 1055 prope
708 994 1038 1041 Wormatiamh
1070 999 1293 1054 placitum
1314 999 1478 1042 habuit
1499 1000 1705 1054 filiosque
1727 1014 1843 1051 suos,

292 1053 639 1100 Hludowicumi
673 1057 888 1100 videlicet
919 1053 1001 1099 etk
1027 1057 1263 1108 Karolum,
1296 1058 1355 1099 ad
1387 1059 1666 1100 audiendum
1697 1059 1845 1114 singu-

292 1117 441 1158 lorum
481 1130 639 1158 causas
680 1116 941 1166 constituit;
984 1118 1031 1158 et
1064 1116 1280 1170 quicquid
1310 1116 1382 1157 illi
1412 1130 1492 1171 per
1523 1130 1570 1159 se
1599 1117 1846 1159 terminare

291 1189 384 1217 non
424 1177 620 1230 possent,
663 1175 805 1229 patris
845 1174 1014 1216 iudicio
1053 1177 1351 1216 reservarent.
1413 1175 1549 1217 Unde
1580 1175 1759 1226 accidit,
1792 1177 1847 1217 ut

290 1234 493 1288 undique
517 1228 824 1276 venientium¹
865 1233 1158 1287 querimoniis
1189 1232 1395 1287 legitime
1425 1234 1683 1275 terminatis
1713 1247 1846 1276 unus-

291 1293 481 1347 quisque
504 1306 608 1334 cum
627 1292 796 1347 gaudio
826 1292 996 1334 rediret
1026 1292 1075 1333 in
1097 1305 1191 1333 sua.
1236 1291 1470 1334 Venerunt
1491 1305 1669 1347 quoque
1694 1292 1846 1335 illucm

293 1351 500 1405 Sigifridi
531 1351 767 1392 Danorum
805 1351 924 1404 regis
964 1350 1107 1405 legati
1146 1351 1270 1405 pacis
1306 1350 1545 1393 faciendae
1585 1351 1762 1405 gratian
1797 1351 1846 1392 in

290 1410 524 1452 terminis⁰
561 1410 683 1451 inter
722 1409 826 1451 illos
858 1411 905 1451 et
938 1409 1136 1451 Saxones
1176 1409 1336 1464 positis
1375 1411 1422 1451 et
1451 1411 1506 1451 ut
1536 1410 1845 1464 negotiatores

290 1469 528 1523 utriusque
567 1469 699 1523 regni
738 1468 934 1509 invicem
970 1470 1261 1510 transeuntes
1302 1470 1348 1509 et
1387 1469 1682 1510 mercimonia
1726 1468 1846 1511 defe-

289 1530 443 1570 rentes
474 1529 677 1569 emerent
708 1529 755 1569 et
785 1527 1036 1568 venderent
1074 1526 1282 1581 'pacifice;
1324 1540 1440 1580 quae
1481 1527 1634 1568 omnia
1672 1540 1752 1569 rex
1791 1540 1845 1569 ex

291 1590 399 1628 sual)
426 1588 556 1641 parte
586 1588 689 1627 rata
718 1585 816 1627 fore
847 1586 1101 1640 promisitq.
1149 1584 1345 1636 Quidam
1371 1586 1510 1627 etiam
1531 1583 1845 1640 (Alamannus)

294 1642 363 1699 [de
403 1640 689 1697 Alamannia]
704 1647 720 1667 ¹*
770 1644 954 1686 nomine
994 1644 1411 1694 Berehtrammuss,
1460 1645 1537 1698 qui
1583 1642 1837 1699 superioret

291 1717 411 1745 anno
432 1703 482 1744 in
503 1703 851 1745 Marahensibus
869 1702 1041 1744 Sclavis
1061 1702 1215 1745 fuerat
1237 1703 1600 1757 comprehensus,
1624 1716 1651 1744 a
1667 1703 1844 1744 Zuenti-

291 1762 456 1803 baldou
493 1762 703 1803 dimissus
734 1762 862 1803 venit
902 1762 961 1803 ad
997 1774 1150 1815 regem
1182 1763 1230 1803 et
1260 1761 1537 1815 legationem
1568 1761 1654 1803 sibi
1686 1761 1743 1803 ab
1776 1775 1844 1804 eo-

291 1821 395 1862 dem
435 1821 549 1862 duce
589 1820 845 1861 iniunctam
883 1819 1064 1870 retulit,
1112 1820 1230 1861 sicut
1274 1820 1399 1874 prius
1444 1820 1700 1862 iuramento
1744 1833 1844 1862 con-

291 1880 476 1921 strictus
508 1892 554 1921 se
585 1879 817 1920 facturum
848 1891 944 1920 esse
975 1878 1208 1933 pollicitus
1241 1881 1323 1920 est.

431 1938 548 1979 Inde
578 1951 659 1979 rex
688 1937 809 1979 circa
829 1937 1064 1979 Kalendas
1085 1937 1226 1978 Maiiv
1251 1937 1627 1991 Mogontiacumw
1657 1938 1844 1979 veniens

290 2010 369 2051 per
401 1996 582 2038 alveum
611 1996 797 2038 Rhenix
831 1995 1032 2037 fluminis
1068 1996 1252 2050 navigio
1282 1998 1440 2037 vectus
1472 1997 1684 2050 Aquense
1724 1995 1844 2051 pala-
1907 2015 1910 2017 *
1968 2016 1971 2018 ·

289 2056 408 2096 tium
444 2055 629 2109 petiit-,33
671 2055 824 2108 ibique
857 2069 960 2096 cum
991 2055 1083 2096 suis
1115 2056 1341 2096 secretum
1371 2054 1535 2096 habuit
1567 2054 1844 2108 colloquium

291 2116 338 2155 et
358 2114 642 2155 Roriohumy
677 2126 758 2168 per
782 2113 962 2155 obsides
994 2114 1052 2154 ad
1074 2126 1120 2155 se
1141 2113 1401 2154 venientem
1422 2113 1470 2154 in
1491 2127 1624 2154 suum
1646 2113 1844 2168 suscepit

291 2172 556 2213 dominium.

431 2230 611 2272 Deinde
641 2243 796 2272 mense
817 2225 1028 2284 Augusto
1060 2243 1164 2271 cum
1195 2230 1317 2284 apud
1347 2229 1507 2271 urbem
1538 2230 1843 2271 Mediomatri-

291 2302 446 2330 corum
485 2289 745 2343 generalem
785 2291 1059 2330 conventum
1098 2288 1346 2338 habuisset,
1388 2287 1622 2329 Halbdeni
1637 2291 1653 2310 Ζ
1699 2288 1844 2330 frater

291 2347 499 2402 sigifridi
543 2348 663 2402 regis
710 2347 849 2389 etiam
895 2361 998 2388 suos
1046 2347 1104 2388 ad
1145 2360 1248 2388 eum
1287 2346 1474 2387 nuntios
1520 2347 1644 2388 misit
1684 2343 1843 2388 eadem

289 2475 318 2504 a)
338 2473 563 2499 infestacionem
581 2473 658 2501 30.d.
747 2473 778 2503 b)
803 2473 915 2498 tociens
935 2473 960 2500 2.
979 2473 1056 2499 δρᾶ.
1146 2471 1174 2504 c)
1200 2472 1334 2497 tirannus
1354 2472 1379 2498 2.
1470 2470 1501 2504 d)
1527 2479 1670 2498 excecato
1689 2472 1714 2500 2.
1733 2473 1843 2500 3c.d.e.

290 2510 317 2539 e)
337 2516 416 2540 pree,
437 2510 460 2535 1.
532 2509 556 2539 f)
575 2508 778 2533 franconofort
796 2508 836 2535 3c.
912 2510 942 2540 g)
962 2508 1072 2533 biestat
1090 2508 1129 2533 3⁶.
1211 2507 1241 2538 h)
1261 2507 1461 2532 uuormaciam
1482 2509 1504 2534 1.
1524 2508 1563 2534 30.
1635 2507 1657 2540 i)
1676 2506 1783 2535 ludow.
1803 2508 1843 2535 3e.

289 2544 320 2574 k)
339 2551 373 2569 ac
393 2544 417 2571 2.
508 2543 529 2574 l)
549 2550 674 2571 conven.
693 2543 733 2571 30.
743 2544 770 2571 d.
781 2549 803 2570 e.
820 2543 854 2570 F.
943 2544 983 2574 m)
1002 2543 1072 2567 illuc
1091 2550 1166 2569 corr.
1186 2542 1247 2567 illic
1268 2544 1291 2569 1.
1382 2543 1412 2572 n)
1431 2542 1532 2573 gracia
1552 2543 1576 2570 1.
1660 2543 1689 2575 ο)
1708 2543 1740 2568 in
1759 2546 1843 2570 torm.

289 2580 344 2606 des.
364 2580 473 2606 3c,‹1.e.
492 2579 524 2605 F.
602 2580 633 2610 p)
653 2586 706 2604 sua
726 2586 763 2603 ex
782 2582 867 2610 parte
886 2579 911 2605 2.
985 2579 1015 2610 q)
1034 2577 1170 2609 permisit
1188 2578 1227 2604 3c.
1238 2578 1265 2604 d.
1276 2584 1298 2604 e.
1316 2578 1349 2604 F.
1424 2579 1450 2608 r)
1469 2578 1642 2603 alamannus
1662 2579 1692 2609 1;
1717 2576 1754 2603 de
1773 2578 1843 2603 Ala-

289 2615 409 2639 mannia
427 2616 452 2641 2.
467 2615 506 2640 30.
517 2614 544 2641 d.
555 2620 576 2641 e.
591 2614 624 2641 F,
679 2614 706 2647 s)
718 2614 953 2639 berchtrammus
967 2620 1042 2640 corr.
1056 2613 1168 2640 berthr.
1182 2614 1211 2644 2;
1231 2613 1322 2639 bertr.
1335 2613 1380 2645 3c;
1399 2612 1512 2640 berhtr.
1525 2613 1562 2637 3d
1571 2619 1577 2646 ;
1595 2613 1783 2638 berhtramus
1797 2613 1842 2645 3e3

289 2650 512 2674 Berthrmnmus
526 2649 557 2676 F.
625 2649 648 2682 t)
666 2649 813 2681 superiori
833 2650 872 2675 30.
882 2650 909 2675 d.
919 2656 941 2675 e.
954 2649 987 2676 F.
1059 2650 1090 2678 u)
1110 2646 1247 2674 zuendib.
1261 2649 1286 2675 1.
1356 2649 1388 2678 v)
1407 2648 1465 2673 mai
1484 2649 1509 2675 2.
1522 2648 1567 2674 3d.
1578 2654 1599 2674 e.
1666 2649 1705 2678 w)
1723 2655 1843 2680 mogon-

289 2685 403 2709 ciacum
423 2686 446 2711 1.
466 2685 511 2716 3c;
536 2688 666 2716 mogunt.
685 2685 724 2712 3e.
796 2686 827 2715 x)
848 2684 913 2710 reni
932 2685 977 2711 3d.
987 2690 1009 2711 e.
1082 2683 1113 2716 y)
1132 2684 1260 2708 roricum
1279 2683 1318 2710 3⁶.
1391 2684 1417 2714 z)
1437 2681 1579 2715 halpdeni
1597 2683 1621 2709 2.

291 2778 324 2816 1)
350 2778 418 2819 Qui
441 2779 573 2811 invitus
596 2779 743 2812 clevffcus
767 2779 884 2820 factus
908 2789 942 2813 a.
964 2779 1044 2813 870.
1070 2778 1109 2810 *in
1130 2782 1271 2821 patrem
1295 2777 1495 2810 seditionem
1519 2777 1770 2815 emacitaoerat,·
1794 2776 1840 2818 cf.

289 2825 475 2858 Dz‘lnnnler
499 2825 550 2866 II,
583 2837 620 2868 p.
645 2827 832 2860 320—323
857 2830 888 2858 et
913 2826 1111 2860 356—359.
1243 2824 1279 2866 2)
1310 2823 1448 2856 Pascha
1481 2823 1519 2855 in
1551 2823 1643 2855 diem
1668 2824 1756 2866 Apr.
1785 2824 1840 2858 19.

288 2872 418 2906 cecidit.
515 2872 551 2914 3)
580 2872 647 2905 Ubi
669 2873 867 2915 compluria
891 2872 1088 2915 diplomata
1113 2881 1224 2904 mense
1242 2871 1346 2903 Iunio
1370 2870 1456 2902 data
1481 2873 1585 2909 samm
1611 2870 1842 2903 Mahlbacher

289 2929 346 2953 nr.
366 2919 621 2958 1452—1456,·
646 2920 691 2960 cf.
718 2919 903 2961 Dz'munler
928 2919 979 2960 II,
1003 2930 1040 2962 p,
1066 2919 1146 2953 367.
