2020 3358
107 438 257 471 (ΔΨ-,10).

154 673 255 703 (Mai).

166 1256 254 1286 (luL).

56 1724 80 1750 1.
90 1723 161 1755 ch.
173 1724 215 1754 20,
228 1724 253 1749 4.

270 310 318 346 98
638 307 759 344 ANN.
784 308 929 346 mn.
956 307 1088 345 PARS
1112 308 1186 346 ΠΙ.
1209 307 1461 354 (MOGONT.)

271 429 441 471 Walah
460 429 730 511 Metltensisa
758 430 994 485 episcopus
1018 430 1203 472 incaute
1234 442 1339 471 cum
1369 430 1526 485 paucis
1558 429 1825 472 occurrens¹

270 488 444 530 occisus
476 490 545 530 est

411 546 611 588 Karolus
650 547 898 601 imperator
937 546 1095 587 audito
1134 545 1292 588 fratris
1331 546 1403 587 sui
1433 546 1564 588 obitu
1596 546 1652 588 de
1684 545 1826 588 Italia

269 605 470 660 perrexit
490 605 539 646 in
561 604 848 646 Baioariam²
878 606 925 646 et
946 603 1204 658 optimates,
1236 604 1315 658 qui
1344 603 1531 646 fuerant
1560 604 1717 646 fratris
1739 605 1823 655 sui,

269 664 329 705 ad
359 676 407 705 se
437 663 674 704 venientes
705 662 754 703 in
785 675 919 703 suum
949 662 1150 716 suscepit
1181 661 1446 703 dominium.
1498 662 1678 704 Deinde
1699 662 1826 704 Wor·

268 722 459 763 matiam
488 721 677 763 veniens
717 733 821 762 cum
861 719 954 762 suis
993 719 1197 774 undique
1227 719 1519 762 venientibus
1559 720 1825 763 consiliatus

269 782 351 830 est,
393 779 618 834 quomodo
649 777 695 820 Ν
695 779 969 820 ordmannos
1009 778 1066 820 de
1106 791 1188 819 suo
1227 790 1370 832 regno
1402 777 1665 833 expelleret.
1728 779 1826 821 Sta·

267 840 372 879 tuto
402 838 559 891 itaque
590 839 638 879 et
669 837 880 878 condicto
920 836 1042 879 inter
1082 849 1158 878 eos
1187 839 1393 891 tempore
1426 839 1736 879 convenerunt
1767 838 1825 880 de

269 896 457 938 diversis
498 895 737 950 provintiis
772 895 859 936 viri
898 894 1254 937 innumerabiles
1286 897 1334 937 et
1364 895 1575 937 omnibus
1615 895 1825 938 hostibus

266 954 559 1004 formidandi,
601 954 639 995 si
680 954 843 996 ducem
882 953 1151 996 habuissent
1187 954 1403 995 idoneum
1434 953 1610 1007 sibique
1642 966 1825 996 consen-

266 1013 474 1062 tientem,
507 1013 594 1054 hoc
626 1014 697 1054 est
718 1011 896 1062 anci,
928 1011 1098 1061 Norici,
1131 1011 1391 1062 Alamanni,
1413 1011 1655 1066 Thuringii
1687 1015 1824 1067 atque

269 1070 489 1112 Saxones·
481 1103 490 1120 ‚
543 1070 732 1125 parique
777 1070 1036 1112 intentione
1082 1069 1277 1124 profecti
1322 1045 1431 1111 811111,
1477 1073 1637 1112 contra
1681 1070 1824 1112 Nord-

267 1141 458 1170 mannos
489 1141 693 1183 pugnare
725 1128 976 1182 cupientes.
1039 1126 1140 1179 Quo
1172 1124 1882 1182 cum⁸perven1ssent,muni-·.

266 1187 440 1228 tionem
470 1186 668 1236 illorum,
701 1199 818 1240 quae
848 1188 1039 1228 vocatur
1068 1185 1311 1236 Ascloha³‚
1344 1185 1638 1228 obsederunt.

411 1245 615 1299 Cumque
660 1245 752 1286 iam
793 1244 1097 1300 expugnanda
1143 1246 1262 1286 esset
1307 1245 1503 1286 munitio
1543 1247 1590 1287 et
1629 1245 1697 1295 hi,
1745 1246 1824 1300 qui

266 1304 393 1345 intus
433 1306 577 1354 erant,
618 1304 782 1345 timore
822 1302 1021 1358 perculsi
1060 1305 1254 1344 mortem
1284 1316 1332 1345 se
1365 1303 1556 1345 evadere
1590 1316 1720 1358 posse
1752 1304 1824 1346 de·

267 1364 538 1417 sperassent,
572 1362 758 1416 quidam
790 1374 845 1403 ex
876 1361 1146 1403 consiliariis
1178 1361 1361 1415 augusti
1391 1362 1576 1404 nomine
1608 1362 1825 1404 Liutwar-

266 1423 368 1462 tus⁰
415 1419 856 1475 pseudoepiscopus4
895 1420 1086 1462 caeteris
1127 1419 1416 1470 consiliariis,
1467 1420 1546 1474 qui
1585 1420 1707 1475 patri
1747 1420 1824 1461 im-

267 1479 488 1534 peratoris
529 1479 739 1521 assistere
770 1478 994 1529 solebant,
1036 1478 1355 1532 ignorantibus
1393 1478 1551 1520 iuncto
1583 1478 1670 1520 sibi
1701 1478 1825 1533 Wig-

267 1534 427 1580 bertocl
472 1537 637 1579 comite
676 1537 1101 1579 fraudulentissimo
1141 1537 1463 1592 imperatorem
1511 1537 1627 1578 adiit
1673 1539 1720 1579 et
1766 1536 1824 1579 ab

267 1596 605 1651 expugnatione
645 1596 848 1637 hostium
886 1595 1082 1650 pecunia
1122 1598 1387 1650 corruptus⁰
1435 1596 1644 1646 deduxit,
1686 1597 1825 1650 atque

268 1653 562 1696 Gotafridum
602 1655 766 1696 ducem
804 1653 990 1695 illorum
1019 1654 1284 1708 imperatori
1314 1654 1646 1708 praesentavit;
1689 1667 1825 1708 quem

267 1713 514 1768 imperator
552 1726 678 1754 more
713 1712 949 1754 Achabico
988 1712 1117 1766 quasi
1157 1712 1353 1754 amicum
1393 1713 1593 1767 suscepit
1633 1715 1680 1754 et
1720 1726 1824 1753 cum

267 1784 321 1813 eo
360 1784 521 1826 pacem
558 1771 686 1821 fecit,
728 1771 848 1812 datis
885 1784 941 1812 ex
975 1772 1171 1824 utraque
1210 1773 1340 1825 parte
1380 1771 1627 1812 obsidibus.
1690 1769 1824 1821 Quod

266 1829 554 1871 Nordmanni
593 1831 870 1884 acceperunt
909 1842 991 1883 pro
1031 1829 1203 1879 omine;
1246 1831 1293 1870 et
1331 1831 1386 1870 ut
1425 1842 1514 1884 pax
1553 1842 1609 1870 ex
1637 1828 1823 1870 illorum

266 1890 396 1943 parte
426 1890 530 1930 rata
559 1901 653 1929 non
684 1887 987 1938 dubitaretur,
1021 1887 1219 1942 clipeum
1249 1887 1378 1928 iuxta
1407 1900 1580 1929 morem
1610 1901 1744 1928 suum
1773 1887 1823 1928 in

266 1947 462 1989 sublime
508 1946 846 2001 suspenderunt
892 1947 940 1988 et
981 1948 1136 2000 portas
1182 1946 1450 1987 munitionis
1497 1941 1821 2000 aperueruntf.

265 2005 506 2047 Nostrates
537 2007 693 2047 autem
714 2004 982 2046 calliditatis
1013 2004 1199 2045 illorum
1229 2006 1435 2059 expertes
1467 2005 1659 2046 eandem
1679 2004 1822 2045 11111111-

265 2064 439 2105 tionem
481 2064 675 2117 ingressi
714 2065 840 2113 sunt,
889 2063 968 2104 alii
1008 2063 1193 2116 quidem
1233 2076 1369 2104 causa
1407 2062 1693 2116 negotiandi,
1741 2062 1822 2104 alii

265 2135 372 2163 vero
413 2135 494 2176 pro
534 2121 624 2162 loci
664 2121 881 2162 firmitate
923 2121 1266 2162 consideranda.
1336 2121 1400 2162 At
1436 2121 1723 2162 Nordmanni
1762 2121 1822 2162 ad

266 2182 532 2222 consuetam
576 2179 878 2221 calliditatem
917 2180 1120 2234 conversi
1161 2179 1358 2234 clipeum
1404 2180 1528 2234 pacis
1570 2180 1818 2234 deponunt,

266 2325 295 2354 a)
319 2323 459 2348 metensis
483 2323 508 2349 2.
616 2322 646 2353 b)
670 2323 759 2346 codex
783 2322 799 2347 3
824 2322 927 2346 abhinc
944 2323 1059 2353 perqit:
1087 2320 1271 2347 Nordmanni
1296 2322 1423 2354 ereptis,
1449 2328 1523 2353 quas
1550 2324 1704 2353 poterant,
1731 2322 1820 2347 rebus

265 2359 305 2387 (v.
319 2358 403 2388 infra
416 2365 448 2389 p.
462 2358 544 2389 107);
562 2364 606 2388 ea,
625 2364 698 2389 quae
714 2360 878 2389 sequuntur,
898 2364 984 2389 usque
1002 2358 1040 2382 ad
1059 2357 1158 2384 α.887.
1177 2357 1206 2381 in
1226 2363 1283 2381 uno
1302 2357 1396 2382 cod-'ce
1414 2357 1430 2381 2
1449 2359 1571 2384 exstant.
1625 2357 1654 2387 c)
1674 2357 1820 2382 liutmun·-

266 2392 337 2418 dum
361 2393 438 2423 cod.,·
465 2393 503 2423 cr.
517 2400 549 2424 p.
563 2393 614 2418 103
632 2395 657 2416 et
677 2392 737 2420 106.
844 2391 875 2425 d)
900 2392 1058 2418 uuicberto
1083 2392 1162 2423 cod‚;
1189 2393 1227 2423 ct.
1240 2399 1273 2423 p.
1287 2392 1331 2423 94,
1352 2400 1379 2419 n,
1393 2399 1415 2419 r.
1525 2393 1552 2422 e)
1578 2396 1734 2424 correptus
1759 2393 1820 2418 eod.

265 2428 290 2458 f)
307 2430 513 2460 apparuerunt
531 2428 591 2455 cod.

268 2551 302 2593 1)
334 2550 420 2584 Cum
454 2550 620 2592 Bertulfo
655 2549 915 2594 archiepiscopo
952 2550 1079 2583 Trever
1079 2551 1155 2583 ensi
1188 2554 1219 2583 et
1252 2550 1469 2583 Adalhardo
1504 2550 1625 2583 comite
1658 2550 1822 2583 Mettensi

266 2599 357 2641 Apr.
376 2599 432 2632 10.
460 2607 572 2641 prope
595 2597 739 2630 Remich
762 2597 812 2630 ad
836 2597 1021 2630 Mosellam
1045 2601 1167 2630 contra
1192 2597 1443 2630 Nwdmannos
1466 2597 1658 2638 infeliciter
1678 2607 1819 2640 puyna-

266 2645 336 2683 mt,·
370 2644 556 2677 Dummler
586 2644 660 2686 III,
690 2655 729 2687 p.
754 2645 833 2679 162.
957 2644 993 2686 2)
1024 2643 1104 2676 Huc
1137 2654 1244 2686 usque
1275 2644 1381 2677 codex
1412 2644 1579 2677 secundae
1611 2644 1820 2677 recensioms

266 2670 513 2734 auloyraphus
544 2691 683 2724 videtur
711 2691 941 2734 pertinuisse,
980 2700 1058 2723 cum
1091 2695 1215 2724 auctor
1247 2691 1521 2724 continuationis
1554 2690 1820 2724 Ratisbonensis

266 2748 342 2769 eam
366 2738 571 2781 descripsit,·
604 2749 635 2772 v.
659 2738 774 2779 infra.
895 2737 931 2780 3)
954 2737 1143 2779 Aschloha,
1176 2738 1437 2780 quatuordecim
1462 2747 1485 2770 a
1511 2736 1632 2770 Rheno
1659 2737 1819 2770 millibus

266 2784 416 2826 distans,
450 2785 498 2816 ad
523 2784 660 2817 Mosam
693 2785 734 2817 in
762 2784 892 2817 vicinia
917 2784 1042 2817 Leodii
1063 2788 1094 2817 et
1123 2784 1278 2817 Traiecti
1310 2785 1380 2817 sita
1414 2788 1513 2823 era-t,-
1547 2783 1628 2816 inde
1652 2783 1819 2816 Strucius

267 2830 420 2872 Hasselt,
446 2830 633 2864 chronicon
660 2825 883 2864 Gottwicense
907 2831 1031 2864 Elsloo
1054 2831 1243 2873 intelliqit,·
1273 2831 1400 2872 forsan
1425 2830 1519 2863 locus
1542 2830 1591 2862 ad
1614 2830 1819 2909 confluentpes

267 2877 403 2910 Asehae
426 2881 457 2909 et
482 2877 601 2910 Mosae
626 2878 728 2918 tnfra
747 2878 914 2910 Leodium
941 2878 1170 2921 quae›·,end1cs
1197 2876 1259 2910 1011
1282 2878 1373 2910 enim
1398 2877 1522 2910 silvam
1549 2876 1737 2919 siqnificat.

266 2923 303 2965 4)
325 2923 520 2967 Episcopus
550 2924 782 2957 Iereellensv-s.
801 2943 805 2945 -
