2020 3358
471 309 712 346 AUCTORE
734 309 1016 347 EINHARDO.
1064 310 1111 347 A.
1130 313 1328 348 799-804,
1640 314 1683 349 15

268 427 424 464 DCCCL
460 427 512 463 In
529 427 587 462 die
603 427 732 462 natalis
744 426 890 462 Domini
907 429 992 462 ante
1008 426 1270 462 confessionem
1286 427 1385 463 beati
1402 427 1503 463 Petri
1520 430 1682 474 apostoli,
1698 437 1732 464 A.
1743 437 1830 464 haur.

128 488 211 512 cum
236 487 301 511 rex
326 475 371 510 ab
396 475 559 510 oratione
583 477 758 520 surgeret,
782 473 860 509 Leo
884 485 980 518 papa
1003 485 1175 509 coronam
1201 474 1310 518 capiti
1335 475 1411 509 eius
1434 475 1616 520 imposuit,
1648 480 1685 511 et

128 535 150 558 a
173 525 305 558 cuncto
327 522 577 558 Romanorum
610 521 746 566 populo
780 520 1051 556 adclamatum·
1088 524 1161 555 est:
1197 520 1342 556 ‘Carlob
1372 525 1525 566 augusto
1560 534 1581 556 a
1605 523 1684 558 Deo

128 573 301 605 coronato
335 579 469 614 magno
494 571 531 603 et
554 567 706 613 pacifico
730 568 941 612 imperatori
964 567 1215 603 Romanorum
1239 568 1314 603 vita
1338 571 1376 603 et
1398 568 1585 603 victoria?
1635 569 1685 604 Et

126 620 210 662 post
231 616 356 651 laudes
379 626 481 651 more
505 615 737 659 antiquorum
761 615 966 660 principum
991 614 1161 650 adoratus
1185 617 1241 650 est
1264 618 1373 659 atque
1397 615 1518 650 ablato
1542 616 1684 660 patricii

127 663 274 699 nomine
306 663 505 707 imperator
537 665 575 696 et
607 663 780 708 augustus
814 665 869 696 est
901 662 1112 706 appellatus.
1166 661 1257 697 Post
1287 673 1421 707 paucos
1453 665 1575 697 autem
1609 662 1684 697 dies

126 710 230 746 iussit
244 720 316 753 eos,
341 710 404 754 qui
427 708 637 754 pontificem
662 719 758 744 anno
782 709 993 754 superioress
1015 708 1272 753 deposuerunt,
1298 709 1477 754 exhiberi3
1503 712 1541 744 et
1561 709 1685 744 habita

127 756 201 793 de¹¹
230 757 281 792 eis
305 757 540 801 quaestionee
571 756 771 791 secundm
794 756 914 801 legem
938 755 1143 791 Romanam
1174 758 1216 790 ut
1244 756 1441 790 maiestatis
1474 756 1527 791 rei
1558 757 1684 801 capitis

127 804 375 840 sententia
407 802 596 838 damnati?
629 806 724 840 sunt.
772 802 847 838 Pro
880 802 1011 847 quibus
1043 806 1168 838 tamen
1199 814 1296 847 papa
1326 803 1387 848 pio
1421 802 1554 839 affectu
1588 803 1685 848 apud

127 852 383 896 imperatorem
407 851 624 895 intercessit3
657 861 743 885 nam
775 852 812 884 et
841 850 916 885 vita
940 852 978 885 et
1000 850 1283 885 membrorum&
1311 850 1499 896 integritas
1524 850 1574 884 eis
1599 861 1684 886 con-

128 910 228 934 cessa
243 900 308 942 est,
330 896 519 933 ceterumh
540 908 608 942 pro
623 896 793 932 facinoris
808 896 1059 943 magnitudine
1075 897 1182 932 exilio
1195 897 1376 941 deportati
1389 900 1483 933 sunt.
1517 896 1674 932 'remei

127 948 247 980 motus
270 945 387 980 factus
404 943 526 981 estss.
543 944 628 979 Kal.
644 943 763 979 Maiik
790 954 874 988 per
897 946 1021 979 totam
1038 943 1191 979 Italiam
1215 946 1310 979 tam
1333 944 1611 989 vehemens,
1638 947 1686 979 ut

127 993 166 1028 in
195 992 410 1037 quibusdam
443 991 531 1027 locis
564 991 672 1027 urbes
701 994 851 1026 ruerent
881 994 928 1026 et
957 994 1099 1026 montes
1131 993 1179 1026 et
1201 993 1339 1026 tectum
1362 990 1554 1026 basilicael
1587 991 1686 1026 beati

127 1039 234 1075 Pauli
258 1039 410 1084 apostoli
434 1038 649 1074 Romaem
681 1050 765 1074 cum
795 1038 958 1073 trabibus
988 1038 1061 1073 suis
1091 1049 1225 1083 magna
1249 1049 1294 1073 ex
1317 1041 1422 1083 parte
1446 1038 1686 1083 decideret;

129 1087 225 1122 circa
251 1085 456 1121 Rhenumn
486 1097 673 1130 quoque
707 1089 744 1120 et
775 1085 814 1120 in
846 1084 964 1120 Gallia
997 1089 1035 1121 et
1067 1085 1105 1120 in
1135 1085 1332 1120 Germania
1364 1086 1568 1130 quaedamo
1606 1086 1687 1120 loca

128 1136 366 1169 tremuenmt.
414 1132 621 1168 Barcinona
653 1132 777 1168 civitas
810 1132 848 1167 in
875 1132 1054 1177 Hispania
1085 1135 1122 1167 et
1154 1132 1192 1167 in
1215 1131 1324 1167 Italia
1348 1132 1462 1168 Teate
1475 1139 1496 1166 Ρ
1527 1135 1681 1177 captaeq

130 1181 251 1225 sunt¹3
275 1180 506 1225 praefectis*
529 1191 694 1222 earum,
713 1179 832 1214 Zatun
849 1179 1087 1214 videlicet
1102 1178 1430 1214 Barcinonaes
1455 1182 1498 1214 et
1513 1178 1685 1214 Roselmo

131 1227 321 1271 Teatet,
345 1227 638 1271 conprehensisu
659 1227 756 1272 regi
779 1226 952 1271 pariter
974 1226 1243 1271 praesentatis
1268 1229 1306 1261 et
1321 1226 1428 1261 exilio
1445 1226 1685 1263 damnatisv.

271 1273 448 1310 DCCCII.
484 1273 634 1309 Herena
645 1273 855 1318 imperatrix
867 1273 913 1308 de
926 1273 1238 1318 Constantinopoli
1252 1273 1375 1308 misitl
1444 1276 1523 1308 tum
1539 1274 1686 1308 nomine
1699 1282 1738 1309 ib.

130 1321 293 1356 Leonem
326 1320 522 1365 spatarium
555 1321 602 1356 de
634 1332 724 1365 pace
757 1319 1006 1355 confirmanda
1028 1321 1125 1355 inter
1147 1319 1307 1355 Francos
1336 1323 1374 1355 et
1496 1327 1615 1365 cosW3
1650 1324 1687 1355 et

130 1368 328 1412 imperator
358 1367 512 1402 vicissim
546 1368 711 1403 absoluto
745 1367 807 1402 illo
838 1367 937 1402 misit
965 1366 1064 1402 Iesse
1097 1367 1306 1412 episcopum
1333 1367 1619 1402 Ambianensem
1650 1370 1688 1402 et

110 1413 430 1495 ,ἨεειιιιῗὶιιᾶιιιιιΧ
458 1415 628 1449 comitem
653 1413 1013 1459 Constantinopolim,
1041 1415 1100 1448 *ut
1132 1425 1260 1458 pacem
1293 1425 1377 1448 cum
1409 1425 1452 1448 ea
1475 1416 1687 1451 statuerent.

129 1461 232 1496 Isaac
278 1461 491 1495 udaeusy
511 1461 708 1496 elefantum
725 1463 763 1495 et
778 1461 872 1495 alia
891 1472 1070 1505 munera,
1096 1472 1188 1505 quae
1205 1460 1367 1495 Aaronz
1388 1461 1476 1495 rex²
1492 1460 1686 1496 Persarum
1701 1469 1821 1497 ΑΒΜ.

128 1508 328 1552 miserat,
361 1507 581 1554 Aquisgrani
607 1507 747 1542 Carloa
784 1507 925 1543 detulit.
970 1507 1229 1542 Transalbiani
1254 1506 1416 1543 Saxones
1441 1519 1463 1542 a
1486 1507 1833 1545 FrancisALnur.

129 1558 358 1591 vastantur.
407 1553 548 1589 Ortona
581 1555 705 1589 civitas
738 1555 777 1588 in
809 1553 917 1589 Italia
947 1554 986 1589 in
1019 1554 1241 1590 deditionem
1275 1557 1424 1599 accepta
1457 1558 1502 1590 et
1531 1555 1688 1590 Luceria

130 1602 378 1646 similiter,
410 1602 666 1646 positumque
690 1601 728 1636 in
753 1612 796 1636 ea
819 1601 1038 1646 praesidium
1062 1601 1333 1638 Francorum.
1382 1601 1440 1636 Et
1463 1602 1822 1648 Winigisufflasnn.

129 1649 204 1684 dux
228 1648 446 1693 spolitanus,
478 1649 541 1693 qui
564 1648 744 1693 praesidio
767 1651 946 1693 praeerat,
977 1660 1000 1683 a
1023 1647 1244 1683 Grimaldob
1275 1649 1474 1684 obsessus
1500 1652 1538 1684 et
1561 1652 1687 1694 captus

130 1719 151 1743 e
161 1719 176 1742 s
185 1710 212 1744 t.
354 1707 386 1743 E
397 1719 419 1743 o
456 1719 478 1742 a
486 1719 510 1742 n
521 1720 545 1742 n
555 1719 577 1742 o
614 1706 670 1742 Bo
680 1718 730 1752 ug
737 1719 762 1741 u
769 1706 840 1742 lfus
877 1707 988 1742 abbas
1025 1699 1267 1754 Fuldensis
1305 1700 1513 1742 coenobii
1551 1709 1687 1753 relicta,
1702 1716 1904 1746 A.1·*u1d.ant.

130 1778 239 1811 quam
254 1766 392 1812 habuit,
413 1768 591 1811 potestate
606 1758 880 1812 Ratgarium
900 1771 1205 1800 successorem
1226 1759 1418 1814 accepit.
1514 1766 1688 1802 Paulinus
1701 1776 1914 1810 cunnum&

130 1813 334 1858 patriarcha
357 1813 432 1848 For
442 1825 463 1848 o
474 1813 658 1848 iuliensisss
689 1813 791 1850 obiit.

271 1859 469 1897 DCCCHI.
506 1860 704 1906 winigisus
721 1872 743 1895 a
759 1859 974 1895 Grimaldob
996 1859 1185 1895 redditusd
1216 1864 1252 1896 et
1276 1860 1376 1894 missi
1399 1860 1626 1905 imperatoris
1644 1860 1689 1895 de
1703 1871 1836 1899 Anaua

131 1906 442 1952 Constantinopoli
466 1908 601 1942 reversi
624 1910 719 1944 sunt.
767 1906 818 1942 Et
840 1911 1019 1942 venerimt
1043 1919 1126 1942 cum
1152 1907 1202 1942 eis
1226 1907 1338 1952 legati
1357 1907 1510 1942 Nicifori
1534 1907 1688 1952 impera·

131 1954 218 1989 toris
242 1957 330 1990 tunc
346 1954 607 1999 rempublicam
623 1965 743 2000 regen
753 1954 790 1989 ti
800 1966 836 1998 ες
860 1966 946 1989 nam
962 1957 1045 1999 post
1061 1954 1257 1989 adventum
1274 1954 1463 1999 legationis
1480 1954 1680 1990 Franciaee

132 2001 317 2036 Herenam
342 2002 598 2047 deposuerunt.
647 2000 745 2046 Quos
775 2001 974 2046 imperator
1006 2001 1052 2036 ad
1086 2013 1102 2035 s
1113 2013 1133 2036 e
1166 2002 1249 2036 veni
1259 2013 1279 2036 e
1289 2013 1313 2036 n
1323 2004 1369 2036 te
1379 2013 1395 2036 s
1429 2001 1468 2036 in
1500 2002 1592 2045 loco,
1627 2001 1688 2046 qui

132 2048 264 2083 dicitur
274 2048 290 2075 f
308 2047 400 2092 Salz,
417 2060 526 2093 super
541 2048 691 2083 fluvium
708 2047 793 2084 Sala
807 2048 981 2093 suscepit
1005 2051 1042 2083 et
1058 2060 1113 2083 au
1123 2048 1224 2083 dito
1234 2060 1250 2083 s
1273 2060 1357 2083 cum
1374 2048 1526 2094 epistola
1541 2051 1688 2093 pactum

132 2095 317 2130 faciendae
330 2102 352 2128 g
380 2096 478 2141 pacis
503 2095 791 2131 continente
815 2095 988 2130 remisit
1011 2095 1067 2130 ad
1090 2095 1300 2140 propria.

273 2142 491 2179 DCCCIJJI.
528 2141 719 2177 cannah-⁴
737 2141 899 2178 Saxones
915 2142 1176 2177 transalbianos
1193 2154 1277 2177 cum
1289 2142 1501 2177 mulieribus
1518 2144 1556 2177 et
1571 2142 1688 2177 natis
1702 2142 1738 2169 A.
1748 2142 1823 2169 Situ.
1835 2146 1865 2168 θῑ

132 2190 315 2224 transtulit
353 2190 390 2224 in
423 2188 636 2224 Franciami
681 2192 718 2224 et
750 2201 862 2244 pagos
898 2189 1159 2224 transalbianos
1190 2189 1409 2224 Abodritisk
1445 2189 1556 2225 dedit.
1611 2188 1688 2224 Leo
1703 2178 1738 2205 A.
1749 2178 1836 2205 ¹⁴⁸⁰*

132 2247 227 2281 papa
265 2237 311 2271 ad
351 2237 409 2271 im
418 2248 442 2282 p
453 2248 473 2272 e
482 2248 501 2271 r
511 2248 532 2271 a
540 2239 557 2271 t
566 2248 588 2272 o
598 2249 618 2271 r
627 2248 647 2271 e
656 2249 693 2271 m
727 2235 904 2272 Cansiaci
928 2237 1044 2281 venit,
1085 2237 1148 2271 ubi
1187 2237 1286 2271 natal
1296 2248 1315 2271 e
1348 2236 1496 2271 Domini
1528 2248 1611 2271 cum
1645 2247 1688 2271 eo

133 2283 328 2318 celebravit
338 2298 346 2327 3
378 2283 514 2319 donatu
524 2296 540 2318 s
550 2295 574 2328 q
583 2295 607 2318 u
616 2295 635 2318 e
660 2284 800 2330 magnis
824 2283 1034 2319 muneribus
1058 2295 1125 2328 per
1147 2283 1352 2318 Baioariam
1376 2295 1416 2319 re
1426 2296 1449 2318 v
1460 2295 1479 2318 e
1489 2295 1508 2318 r
1517 2295 1533 2318 s
1543 2295 1567 2318 u
1577 2294 1593 2318 s
1619 2294 1638 2318 e
1649 2295 1664 2317 s
1674 2286 1690 2317 t

134 2379 163 2407 ι)
181 2377 253 2404 scel.
273 2379 297 2404 1.
316 2378 341 2405 2.
430 2377 461 2410 b)
479 2378 590 2403 Karolo
610 2379 635 2406 1.
654 2379 679 2406 2.
769 2380 796 2410 c)
815 2378 963 2411 superiori
983 2379 1007 2406 2.
1026 2379 1051 2405 3.
1147 2377 1179 2410 d)
1197 2377 1262 2404 deis
1281 2378 1306 2405 3.
1397 2379 1425 2409 e)
1444 2378 1601 2410 questione
1622 2379 1645 2405 1.
1664 2379 1689 2405 3.

135 2412 159 2445 f)
176 2413 274 2444 eapite
293 2411 321 2440 d.
340 2417 411 2438 suut
430 2415 454 2441 1.
467 2414 500 2445 2;
519 2412 674 2446 dampnati
691 2413 717 2441 2.
779 2415 810 2446 g)
829 2414 1018 2440 menbrorum
1037 2414 1063 2441 2.
1123 2413 1155 2445 h)
1174 2418 1326 2440 caeterum
1345 2414 1370 2441 2.
1431 2413 1453 2446 i)
1474 2416 1650 2439 terremotus
1665 2414 1689 2440 1.

136 2446 167 2477 k)
186 2447 243 2472 mai
262 2448 289 2474 2.
379 2448 401 2479 1)
419 2449 542 2474 basilice
560 2449 593 2481 ὃς
622 2449 703 2475 beati
722 2450 804 2482 pauli
822 2449 964 2475 basilicae
983 2456 1083 2475 romae
1103 2450 1127 2476 1.
1216 2449 1256 2482 m)
1275 2456 1357 2475 rome
1375 2449 1400 2476 3.
1490 2450 1522 2479 n)
1540 2455 1644 2474 renum
1663 2450 1689 2476 3.

136 2484 166 2513 o)
184 2480 311 2514 quedam
329 2483 355 2510 3.
428 2485 458 2516 p)
477 2487 557 2519 «ουρ
578 2486 602 2512 1.
676 2486 707 2517 q)
726 2488 814 2517 capte
832 2485 857 2511 3.
933 2485 959 2518 r)
978 2485 1120 2517 prefectis
1140 2485 1171 2517 13
1191 2485 1306 2517 pfectes
1325 2484 1351 2511 3.
1416 2483 1443 2517 s)
1462 2483 1636 2518 barcinonis
1657 2485 1687 2516 13

137 2517 297 2543 barcinons
316 2517 341 2544 8.
414 2519 437 2549 t)
456 2518 557 2545 theate
577 2520 602 2547 1.
667 2521 698 2550 n)
716 2527 827 2552 compr.
847 2522 871 2547 1,
942 2522 973 2551 v)
992 2518 1111 2552 dampn.
1130 2520 1156 2547 2.
1227 2521 1267 2550 w)
1285 2526 1389 2551 grecos
1410 2520 1434 2546 1.
1447 2519 1472 2546 3.
1544 2518 1576 2552 x)
1594 2519 1690 2544 helin-

136 2550 265 2584 gaudum
284 2553 310 2580 2.
389 2555 420 2586 y)
439 2552 548 2579 ludens
569 2555 593 2581 1.
674 2556 701 2586 z)
719 2562 790 2581 aaro
808 2556 834 2583 8.
914 2557 944 2586 ι)
963 2555 1065 2581 karolo
1085 2557 1109 2582 1.
1128 2555 1154 2583 2.
1234 2555 1264 2585 b)
1283 2554 1420 2586 grimolto
1441 2556 1472 2586 13
1500 2552 1645 2586 grimoldo
1664 2555 1690 2582 2.

137 2589 164 2618 e)
183 2587 346 2613 foriinliesc
365 2588 391 2615 3.
479 2587 510 2619 d)
536 2588 672 2615 redditur
691 2591 716 2617 1.
736 2591 762 2617 2.
852 2592 880 2621 e)
904 2591 1014 2616 frantie
1033 2591 1058 2617 3.
1148 2591 1172 2620 s)
1191 2594 1317 2615 vocatur
1336 2591 1360 2617 1.
1453 2591 1482 2621 g)
1507 2588 1644 2615 faciende
1663 2590 1688 2616 3.

137 2622 168 2654 h)
188 2623 314 2648 Kar-olus
335 2625 359 2650 1.
377 2623 402 2651 2.
479 2624 500 2655 i)
520 2624 652 2650 trastulit
669 2625 701 2650 in
720 2625 848 2651 sanciam
867 2627 893 2653 3.
965 2626 997 2659 k)
1014 2625 1152 2652 abotritis
1171 2627 1195 2652 1.
1214 2626 1246 2658 2;
1270 2623 1414 2655 Obodritis
1434 2625 1459 2652 3.

138 2704 172 2748 1)
195 2707 320 2749 captae
345 2707 430 2739 sunt
454 2707 548 2742 Ann.
566 2706 677 2746 sith„-
702 2710 808 2751 capta
831 2709 869 2741 et
891 2706 1038 2742 incensa
1062 2709 1117 2741 est
1140 2708 1254 2742 Laur.
1349 2707 1386 2750 2)
1409 2705 1513 2740 Aron
1537 2717 1602 2740 rex
1619 2706 1689 2740 ele-

136 2750 275 2785 fantum
301 2751 346 2785 ad
364 2751 532 2786 Carolum
557 2752 769 2787 transmittit
793 2755 888 2789 Arm.
905 2755 1017 2795 Sith.,·
1042 2765 1134 2798 quae
1151 2765 1173 2787 a
1188 2764 1274 2798 rege
1290 2752 1334 2789 P.
1350 2753 1459 2788 missa
1474 2756 1559 2787 sunt
1575 2754 1689 2789 Lam‘.

136 2799 173 2842 3)
194 2798 354 2843 Wigisus
387 2799 422 2835 d.
457 2798 519 2844 Sp.
554 2811 575 2834 a
608 2799 672 2835 Gr.
705 2803 831 2844 captus
863 2802 958 2835 Ann.
984 2802 1097 2841 Sida,-
1130 2799 1338 2835 Grimaldus
1364 2827 1373 2836 .
1399 2827 1408 2836 .
1435 2829 1444 2837 .
1469 2799 1689 2845 Winigisum

137 2845 306 2880 comitem
331 2845 494 2890 Spoletii‚
528 2858 561 2890 q.
588 2858 641 2891 pr.
667 2858 734 2891 pn,
765 2874 773 2883 .
799 2874 809 2883 .
835 2874 844 2883 .
876 2847 1018 2882 obsedit
1041 2850 1079 2881 et
1102 2847 1139 2881 in
1164 2846 1385 2882 deditionem
1411 2847 1551 2891 accepit
1574 2848 1688 2882 Later.

135 2893 173 2935 4)
202 2893 314 2926 Verba
337 2892 495 2928 Karolus
521 2892 605 2928 Sax.
631 2897 741 2930 trans.
766 2899 797 2929 et
822 2893 898 2929 Leo
923 2905 1018 2939 papa
1042 2893 1088 2928 ad
1110 2894 1226 2939 (illum
1250 2893 1381 2938 Aquis)
1402 2894 1503 2929 venit
1526 2906 1570 2928 ατ
1594 2897 1689 2929 Am».

137 2939 240 2982 sich„
266 2945 376 2974 cetera
400 2952 443 2975 ex
467 2942 582 2976 Laur.
