2020 3358
320 305 370 340 84
689 301 809 339 ANN.
832 301 979 339 FULD.
1003 301 1136 338 PARS
1158 301 1232 339 111.
1255 301 1507 347 (MOGONT.)

321 422 442 464 Nam
462 421 575 464 villa
594 422 818 476 quaedam
845 422 895 463 in
915 434 1033 477 pago
1052 421 1246 464 Nitense
1259 420 1276 448 ¹
1293 422 1478 464 nomine
1498 422 1876 476 Asgabmnno⁸·²

322 494 350 523 a
369 479 634 523 fluminibus
665 482 714 522 et
741 480 1024 522 torrentibus
1047 479 1184 534 longe
1204 482 1380 522 remota
1400 480 1642 522 subitanea
1660 480 1876 522 imbrium

322 538 623 581 inundatione
662 551 778 593 pene
819 537 974 580 deleta
1014 539 1096 588 est,
1138 539 1186 579 et
1224 538 1492 592 octuaginta
1531 541 1635 579 octo
1666 538 1874 580 homines

320 596 560 650 utriusque
591 609 724 638 sexus
752 596 803 636 in
834 607 889 642 ea
919 594 1075 637 deleti.
1137 594 1262 636 Dum
1291 596 1414 637 enim
1443 596 1650 638 homines
1671 596 1877 638 eiusdem

220 669 274 696 mi
284 668 311 697 3.
322 654 413 696 loci
443 654 499 695 V.
529 653 649 695 Non.
681 653 772 694 Iul.
805 653 1053 695 dormitum
1082 653 1226 694 issent
1254 648 1401 694 nihilb
1436 653 1547 695 mali
1577 654 1874 708 suspicantes,

321 715 457 754 tanta
494 711 651 766 pluvia
689 724 782 753 uno
821 713 1052 753 momento
1093 710 1284 766 caelitus
1323 710 1453 766 lapsa
1490 713 1579 761 est,
1624 714 1679 753 ut
1719 725 1878 754 omnes

323 770 505 812 arbores
537 772 585 812 et
614 769 783 819 vineas,
825 781 937 823 quas
966 768 1191 823 tangebat
1223 769 1272 810 in
1303 769 1463 811 eadem
1491 768 1616 819 villa,
1655 770 1877 812 radicitus

323 828 607 883 exstirparet,
633 827 843 870 aedificia
861 827 1073 869 funditus
1094 828 1333 877 everteret,
1364 827 1572 869 iumenta
1592 829 1640 869 et
1660 827 1879 870 animalia

324 899 429 928 cum
458 885 681 936 omnibus,
713 898 830 939 quae
860 885 911 926 in
941 885 1151 927 domibus
1182 887 1326 936 erant,
1357 885 1631 940 perditioni⁰
1656 886 1875 928 traderet.

323 943 559 986 Aecclesia
588 956 767 997 quoque
798 943 1002 985 eiusdem
1031 943 1170 985 villae
1201 956 1305 985 cum
1335 956 1418 986 suo
1448 943 1586 986 altari
1623 943 1693 986 ita
1722 943 1877 986 deleta

324 1005 406 1053 est,
446 1004 502 1044 ut
532 1002 666 1044 modo
698 1001 991 1044 cernentibus
1020 1001 1203 1042 nullum
1232 1014 1341 1044 suae
1372 1002 1723 1044 constructionis
1752 1014 1876 1057 prae-

322 1056 461 1102 beat‘l
494 1059 729 1101 indicium.
790 1059 903 1101 Erat
934 1061 1090 1101 autem
1118 1058 1184 1101 ibi
1213 1059 1368 1102 videre
1398 1060 1584 1110 misera;
1623 1073 1734 1102 nam
1772 1073 1877 1102 cum

322 1118 523 1160 feminae
553 1117 709 1159 liberis
741 1120 789 1159 et
818 1117 904 1159 viri
935 1117 1206 1171 coniugibus
1235 1130 1422 1159 manum
1461 1118 1745 1172 porrigentes
1775 1118 1877 1161 sub-

323 1176 478 1218 venire
507 1175 779 1226 niterentur,
811 1175 989 1230 impetu
1019 1188 1241 1229 aquarum
1269 1176 1394 1230 rapti
1422 1189 1517 1217 una
1547 1188 1652 1217 cum
1673 1176 1751 1226 eis,
1783 1176 1876 1230 qui-

324 1234 410 1276 bus
441 1233 611 1276 auxilio
642 1246 739 1276 esse
769 1233 1000 1284 volebant,
1034 1233 1226 1275 extincti
1257 1229 1397 1275 *sunt.
1458 1233 1550 1276 Sed
1579 1236 1627 1276 et
1657 1234 1935 1276 cadavera&

323 1292 462 1346 longo
492 1294 699 1346 tempore
728 1291 962 1333 tumulata
990 1292 1036 1333 vi
1067 1304 1288 1345 aquarum
1319 1292 1377 1334 de
1407 1291 1687 1347 sepulchris⁹
1725 1291 1878 1334 soluta

325 1363 430 1392 cum
449 1350 657 1400 vasculis,
690 1350 855 1404 quibus
885 1350 1081 1401 inerant,
1112 1350 1162 1391 in
1191 1349 1399 1392 terminis
1431 1350 1619 1392 alterius
1645 1350 1783 1392 villae
1812 1364 1877 1393 re-

325 1411 457 1463 perta
485 1410 606 1449 sunt.

236 1481 312 1513 Aug.
467 1466 625 1508 Mense
653 1461 892 1520 Augustos
924 1479 1004 1508 rex
1023 1465 1352 1508 Hludowicusg
1387 1479 1491 1508 cum
1521 1466 1628 1509 filiis
1659 1469 1707 1509 et
1736 1466 1878 1509 fideli-

324 1524 410 1566 bus
457 1524 550 1566 suis
596 1524 874 1578 colloquium
919 1524 1084 1566 habuit
1129 1525 1187 1566 in‘
1223 1524 1336 1566 villa
1379 1524 1570 1567 Tribure
1580 1520 1616 1565 *.
1693 1525 1878 1567 Interea

163 1578 658 1630 (Aug.12).Hludowicus¹¹
694 1582 861 1624 Italiae
898 1582 1174 1637 imperator3
1205 1612 1392 1623 .....
1403 1578 1506 1633 ¹·**,
1548 1583 1676 1624 cuius
1716 1596 1878 1637 corpus

324 1640 602 1682 translatum
631 1640 883 1682 Mediolani
912 1640 962 1681 in
992 1640 1182 1682 basilica
1211 1641 1358 1682 sancti
1388 1640 1617 1682 Ambrosii
1647 1641 1880 1695 sepultum

326 1701 409 1741 est.
472 1697 606 1750 Quod
651 1712 755 1740 cum
799 1698 998 1740 Karolus
1045 1697 1225 1741 Galliae
1269 1695 1528 1753 tyrannusk
1571 1699 1876 1754 comperisset,

200 1756 432 1804 (Sept.).ih'co
470 1769 664 1811 regnum
694 1756 860 1798 Italiae
899 1756 1067 1798 invasit
1098 1759 1146 1799 et
1176 1769 1332 1799 omnes
1370 1757 1622 1807 thesauros,
1663 1770 1775 1811 quos
1814 1757 1879 1798 in-

325 1815 481 1857 venire
520 1814 692 1869 potuit,
738 1827 858 1856 unca
895 1828 1037 1856 manu
1076 1814 1264 1869 collegit
1274 1814 1305 1855 4.
1372 1814 1508 1857 Unde
1546 1814 1876 1857 HZludowicusg

206 1888 313 1919 (Nom).
325 1886 405 1915 rex
449 1873 594 1914 iratus
638 1868 997 1914 Karlmannum¹
1010 1889 1017 1895 ·
1031 1871 1048 1898 5
1093 1886 1198 1914 cum
1242 1873 1445 1915 exercitu
1494 1886 1576 1928 per
1620 1872 1879 1915 Baioariam

327 1931 575 1973 destinavit
605 1930 655 1972 in
675 1930 885 1981 Italiam,
917 1931 1014 1985 ipse
1034 1944 1141 1972 vero
1172 1931 1329 1973 iuncto
1360 1931 1448 1973 sibi
1478 1931 1766 1986 aequivocom
1795 1945 1879 1973 suo

328 2002 432 2031 cum
461 2002 602 2030 manu
631 1989 785 2031 valida
814 2002 1007 2043 regnum
1033 1989 1196 2031 Karoli
1226 1989 1456 2044 ingressus
1488 1992 1570 2040 est,
1601 1991 1655 2030 ut
1686 2002 1791 2031 eum
1821 1990 1891 2032 de‘

327 2046 469 2088 Italia
500 2047 621 2089 exire
653 2046 961 2101 compelleret.
1022 2046 1260 2089 Exercitus
1300 2049 1468 2098 autem,
1509 2048 1588 2102 qui
1625 2061 1779 2101 regem
1816 2060 1880 2090 se-

481 2169 518 2215 *)
539 2169 630 2205 HIC
654 2169 878 2206 MULTUM
901 2169 1063 2205 DEEST
1087 2172 1190 2205 addit
1213 2172 1319 2206 codex
1342 2174 1393 2215 30,
1424 2173 1464 2206 in
1487 2182 1555 2216 quo
1577 2183 1630 2216 ea,
1656 2183 1744 2216 quae
1765 2173 1880 2216 sequi·-

539 2221 612 2260 tur,
639 2217 733 2251 linea
756 2228 866 2251 vacua
890 2219 1033 2253 mansit.

458 2261 517 2307 **)
539 2262 667 2344 {aarum
664 2265 702 2297 et
721 2262 1001 2345 (118εᾶ11318ηῶ
1030 2264 1168 2298 addunt
1192 2264 1340 2307 3c.d.e;
1373 2263 1528 2298 moritur
1560 2275 1670 2298 manu
1692 2265 1882 2299 recentiore

613 2321 627 2344 ι
666 2321 690 2343 ν
712 2321 752 2344 m
776 2320 793 2343 c
840 2337 849 2346 .
899 2336 907 2345 .

327 2413 358 2447 a)
375 2413 563 2440 ascabrunno
581 2413 608 2442 2.
687 2413 719 2444 b)
736 2413 830 2439 nichil
848 2413 874 2442 2.
893 2414 938 2441 δᾶ.
948 2420 971 2441 e.
1050 2415 1078 2445 c)
1096 2412 1263 2448 perdicioni
1282 2415 1308 2442 2.
1326 2414 1367 2442 8ο.
1443 2413 1476 2447 d)
1493 2415 1618 2449 prebeat
1637 2416 1662 2443 1.
1734 2416 1763 2446 e)
1780 2414 1881 2449 sepul·

329 2449 386 2474 cris
406 2450 430 2477 1.
450 2449 496 2476 δᾶ.
576 2449 602 2480 f)
618 2448 738 2480 augusti
756 2449 796 2476 Se.
876 2449 905 2480 g)
923 2447 1033 2476 ludovv.
1051 2449 1091 2476 δε.
1163 2449 1194 2480 11)
1212 2447 1334 2477 hludov.
1352 2449 1403 2483 3d;
1427 2448 1537 2478 ludow.
1555 2450 1595 2477 Se.
1666 2450 1687 2481 i)
1706 2450 1776 2484 imp.
1795 2450 1881 2476 euius

329 2484 355 2511 1.
372 2483 404 2517 23
426 2484 496 2518 imp.
515 2483 534 2511 1.
554 2486 586 2510 et
603 2481 632 2511 d.
650 2490 700 2516 qu.
718 2483 802 2509 cuius
821 2483 861 2512 30.
870 2483 899 2511 d.
908 2490 931 2512 e.
1002 2483 1034 2515 k)
1053 2484 1188 2510 tirannus
1206 2484 1232 2512 2.
1304 2484 1325 2518 1)
1343 2484 1450 2512 (ἔω-1111.
1468 2485 1494 2512 2.
1565 2486 1605 2516 m)
1624 2485 1770 2518 equivoco
1790 2486 1813 2512 1.

330 2575 365 2619 1)
387 2577 421 2609 A
444 2576 552 2618 fluvio
574 2575 677 2619 Nied,
710 2575 845 2619 Nidda,
879 2585 1003 2610 nomen
1033 2577 1192 2619 sortitus,
1227 2578 1266 2610 in
1299 2587 1367 2621 quo
1398 2587 1427 2613 e.
1450 2588 1485 2621 9.
1509 2578 1801 2620 Franoofunum.
1837 2577 1879 2614 P.

328 2623 365 2665 2)
387 2622 571 2656 Eschborn
599 2632 713 2667 prope
741 2622 955 2666 Ro’delheim,
990 2622 1090 2656 haud
1123 2623 1222 2666 lonqe
1253 2634 1277 2657 a
1300 2624 1554 2667 Francofurto.
1602 2624 1661 2658 Ita
1693 2624 1880 2659 chronicon

331 2669 564 2711 Gottwieense,
597 2669 691 2712 quod
723 2668 790 2702 hac
822 2670 863 2702 in
895 2679 935 2703 re
967 2669 1111 2703 libenter
1143 2679 1278 2713 sequor.
1315 2671 1355 2706 P.
1483 2670 1520 2714 3)
1542 2670 1611 2704 Hic
1634 2674 1767 2712 auctor,
1800 2681 1880 2704 cum

328 2715 524 2748 uberiorem
555 2717 722 2749 nuntium
753 2719 981 2759 exspectaret,
1016 2716 1157 2759 aliquid
1189 2718 1302 2760 spatii
1332 2726 1479 2751 vacuum
1513 2717 1650 2751 videtur
1682 2717 1876 2760 reliquisse,

329 2761 422 2804 quod
452 2765 572 2804 postea
602 2771 674 2796 non
703 2762 863 2805 explevit.
909 2762 1119 2796 Dudowicus
1148 2767 1309 2797 mortuus
1336 2767 1387 2797 eet
1410 2764 1504 2806 Any.
1522 2765 1590 2803 12,·
1622 2763 1668 2805 cf.
1693 2763 1880 2797 Dammler

329 2807 382 2849 II,
404 2818 443 2851 p.
469 2809 538 2843 386
562 2818 635 2851 eqq.
728 2808 766 2852 4)
789 2808 895 2850 Quem
919 2812 959 2842 ut
981 2813 1126 2852 arceret,
1151 2809 1314 2844 Karolus
1335 2810 1519 2844 Ludowici
1540 2810 1639 2852 filius
1661 2810 1792 2843 misene
1815 2813 1875 2852 est,

329 2854 389 2887 sed
412 2853 509 2887 nihil
528 2855 690 2898 profecit.
792 2855 830 2898 5)
853 2854 960 2896 Quem
982 2855 1192 2890 Ludowt'cus
1214 2857 1409 2900 imperator
1431 2866 1509 2889 cum
1533 2866 1697 2890 consensu
1720 2857 1881 2898 ooniuyie

330 2899 569 2942 Enqelberyae
593 2911 816 2935 successorem
839 2902 978 2943 eleqisse
1002 2902 1173 2938 traditur.
