2020 3358
320 310 367 344 62
685 307 805 346 ANN.
829 307 974 346 FULD.
999 307 1132 345 PARS
1156 308 1229 347 HI.
1253 308 1505 355 (MOGONT.)

431 499 801 548 ANNALIUM
838 500 1278 548 FULDENSIUM
1314 500 1482 548 PARS
1519 501 1766 548 TERTIA

860 599 1334 644 (Moconmcnnsm)

711 705 1009 761 (AUCTORE
1041 707 1484 762 MEGINHARDO)

957 797 1004 834 A.
1028 800 1228 835 864—887.

1043 914 1145 961 864.

233 1007 308 1039 Aug.
463 988 860 1031 DOCCLXIIII.⁸²
914 989 1212 1031 Hludowicus
1243 1002 1322 1031 rex
1344 1002 1497 1031 mense
1518 989 1727 1043 Augusto
1748 989 1874 1031 ultra

322 1047 587 1089 Danubium
619 1061 722 1089 cum
744 1061 882 1089 manu
902 1047 1055 1089 valida
1086 1047 1318 1102 profectus
1338 1043 1579 1090 Rastizenb
1606 1049 1655 1088 in
1676 1049 1874 1102 quadam

322 1106 520 1156 civitate,
562 1119 678 1159 quae
718 1106 878 1160 lingua
916 1107 1066 1160 gentis
1106 1105 1231 1147 illius
1271 1105 1464 1147 Dowina
1474 1101 1507 1128 *·
1522 1105 1537 1131 1
1577 1107 1757 1156 dicitur,
1799 1107 1872 1148 ob-

321 1164 453 1206 sedit.
514 1164 578 1205 At
609 1164 701 1214 ille,
736 1177 840 1205 cum
858 1165 978 1219 regis
1001 1164 1298 1206 exercitibus⁰
1327 1165 1542 1218 congredi
1568 1178 1662 1206 non
1684 1165 1874 1207 auderet

322 1225 459 1277 atque
490 1222 591 1264 loca
611 1222 699 1264 sibi
720 1222 972 1277 effugiendi
994 1223 1220 1277 denegata
1241 1225 1458 1272 cerneret,
1492 1222 1684 1274 obsides,
1717 1223 1873 1277 quales

322 1283 369 1323 et
409 1283 602 1335 quantos
642 1294 721 1323 rex
760 1277 1037 1336 praecepitd‚
1081 1281 1354 1323 necessitate
1396 1283 1580 1323 coactus
1621 1282 1769 1332 dedit;
1810 1282 1874 1323 in-

321 1353 455 1394 super
487 1353 590 1381 cum
620 1340 842 1381 universis
874 1339 1172 1395 optimatibus
1208 1340 1299 1381 suis
1331 1340 1468 1381 fidem
1499 1353 1546 1382 se
1578 1340 1754 1382 cunctis
1786 1340 1875 1382 die

320 1399 404 1440 bus
432 1399 541 1452 regi
581 1400 866 1440 servaturum
905 1412 1001 1440 esse
1040 1399 1297 1440 iuramento
1338 1399 1554 1450 firmavit,
1601 1398 1710 1441 licet
1755 1399 1874 1440 illud

320 1457 506 1498 minime
539 1457 798 1499 servaverit.

462 1515 760 1558 Hludowicus
792 1518 839 1558 et
869 1515 1093 1557 Karolusss
1130 1528 1259 1569 reges
1292 1517 1338 1557 et
1368 1515 1533 1557 fratres
1565 1516 1687 1570 apud
1714 1515 1873 1558 Dusia-

114 1567 308 1634 fflffiffiffssffij
322 1570 450 1616 camf
484 1574 642 1616 villam
656 1575 671 1600 ²
710 1587 865 1616 mense
897 1574 1211 1629 Septembriog
1246 1574 1567 1616 convenientes
1606 1574 1769 1616 foedus
1810 1574 1874 1615 in-

322 1635 434 1675 eunt
466 1635 525 1683 et,
558 1633 775 1687 quicquid
804 1633 925 1675 inter
956 1646 1031 1674 eos
1057 1632 1244 1674 levitate
1266 1633 1467 1674 humana
1487 1632 1561 1674 vel
1582 1633 1873 1686 suggestione

321 1691 521 1733 militum
561 1704 794 1746 perperam
837 1694 1019 1745 gestum
1055 1691 1227 1741 fuerat,
1276 1691 1363 1732 sibi
1407 1693 1568 1732 mutuo
1616 1691 1872 1742 dimittunt,

323 1752 489 1792 cuncta
523 1752 646 1792 retro
683 1745 936 1791 oblivionill
970 1750 1195 1791 tradenda
1226 1752 1473 1791 censentes.
1535 1749 1687 1791 Huius
1719 1752 1875 1792 autem

320 1808 518 1850 foederis
549 1811 735 1863 pactum
765 1808 1093 1850 inviolabiliter
1124 1809 1247 1850 omni
1277 1811 1482 1863 tempore
1514 1809 1874 1850 conservandum

320 1869 462 1908 testes
494 1869 541 1909 et
572 1867 879 1909 admonitores
919 1867 1073 1909 idonei
1113 1880 1168 1908 ex
1203 1869 1398 1920 utraque
1429 1869 1558 1922 parte
1590 1869 1872 1908 statuuntur.

320 1925 441 1967 Nam
471 1925 779 1980 Hludowious-
801 1939 855 1967 ex
885 1928 1015 1981 parte
1047 1925 1208 1966 Karoli
1238 1925 1542 1967 Hincmarum
1570 1921 1863 1967 Remensemi

322 1984 584 2039 episcopum
624 1986 670 2026 et
707 1979 1106 2038 Engilrammumk
1142 1984 1354 2025 comitem
1368 1983 1395 2034 3,
1438 1983 1636 2025 Karolus
1673 1997 1779 2026 vero
1820 1997 1875 2026 ex

321 2045 450 2096 parte
481 2042 743 2084 Hludowici
774 2043 1066 2084 Liutbertum
1106 2043 1495 2097 archiepiscopum
1535 2045 1581 2084 et
1618 2042 1874 2084 Altfridum

322 2101 577 2142 antitistem
608 2101 761 2155 elegit,
795 2103 860 2150 ut,
893 2102 931 2142 si
961 2101 1082 2143 forte
1114 2101 1171 2143 ab
1202 2101 1354 2155 aliquo
1387 2102 1589 2142 eiusdem
1619 2101 1743 2155 pacti
1773 2101 1875 2142 iura

322 2155 657 2210 laederenturl,
700 2160 770 2201 his
812 2159 1162 2201 admonentibus
1194 2162 1240 2201 et
1271 2162 1401 2213 gesta
1440 2160 1590 2214 priora
1622 2160 1679 2200 ad
1710 2172 1873 2201 memo·

475 2295 510 2340 *)
535 2323 542 2333 .
560 2296 573 2329 i
591 2323 599 2333 .
623 2296 745 2340 puella
768 2297 851 2332 add.
878 2298 900 2332 3
924 2307 1037 2340 supra
1063 2297 1193 2331 lineam
1217 2307 1327 2330 manu
1347 2297 1483 2340 prima.

322 2427 351 2456 a)
370 2425 422 2450 hoc
441 2426 502 2450 loco
521 2425 686 2450 inseruntur
711 2425 742 2449 in
763 2425 825 2451 cod.
843 2425 859 2450 3
883 2425 970 2449 cerba
989 2423 1182 2451 Gundharius
1205 2439 1240 2443 —
1265 2427 1440 2450 consecutus
1467 2428 1512 2450 est
1537 2425 1615 2456 apud
1639 2432 1692 2449 noe
1715 2425 1766 2449 sub
1789 2425 1872 2456 finem

322 2461 393 2485 cmni
411 2461 440 2484 in
458 2461 579 2485 sinistra
592 2463 681 2492 parte
693 2460 803 2492 posita,
868 2460 898 2491 b)
918 2461 1048 2486 rusticen
1068 2462 1092 2487 1.
1159 2462 1186 2491 c)
1205 2460 1298 2492 copiis
1319 2461 1344 2487 2,
1357 2460 1382 2486 3.
1449 2458 1479 2489 d)
1498 2460 1634 2492 precepit
1654 2461 1678 2487 1.
1742 2459 1770 2493 e)
1790 2467 1874 2486 caro-

322 2495 367 2521 lus
386 2496 412 2523 3.
483 2496 508 2525 f)
526 2494 659 2521 dusicarn
677 2495 702 2522 3.
774 2497 804 2527 g)
822 2495 955 2520 octobrio
974 2495 1006 2527 2;
1027 2495 1195 2527 septembre
1214 2495 1239 2522 3.
1312 2495 1343 2528 h)
1363 2495 1394 2520 in
1413 2495 1558 2521 oblivioni
1578 2496 1603 2523 1.
1674 2495 1698 2526 ἱ)
1714 2502 1768 2521 reu
1780 2515 1787 2522 .
1801 2495 1873 2521 ense

322 2537 408 2555 erasa
427 2538 486 2555 una
506 2531 603 2555 littera
623 2532 647 2558 1.
719 2529 751 2561 k)
770 2530 986 2562 engilramnum
1004 2530 1029 2558 2.
1101 2531 1123 2564 l)
1141 2529 1314 2556 lederentur
1336 2532 1359 2558 l.
1380 2531 1405 2558 3.

325 2646 359 2689 1)
387 2647 492 2680 Vicus
516 2647 631 2681 Deben
655 2647 776 2690 (hodie
804 2647 956 2690 Theben)
984 2649 1024 2681 in
1047 2648 1242 2690 confinibus
1265 2649 1436 2682 Austriae
1459 2652 1491 2682 et
1514 2648 1737 2690 Hunyariae,
1772 2648 1874 2681 cuius

323 2694 368 2726 ab
393 2694 560 2727 occidente
583 2705 690 2738 rupes
713 2695 790 2728 alta
814 2699 846 2728 et
866 2699 1066 2738 praerupta
1083 2695 1246 2728 Danubii
1259 2700 1291 2728 et
1307 2695 1484 2728 BIarahae
1507 2695 1730 2736 confluentem
1749 2704 1872 2738 super-

321 2741 457 2775 eminet.
507 2742 610 2775 Anno
635 2742 739 2777 1821.
774 2742 973 2775 turriculas
996 2742 1163 2776 Danubio
1192 2743 1376 2787 impositas
1406 2743 1480 2783 fere
1503 2741 1755 2774 inaccessibiles
1777 2745 1809 2774 et
1833 2742 1871 2774 in

322 2797 457 2820 summo
473 2789 602 2821 montis
617 2789 794 2823 cacumine
809 2799 995 2822 murorum
1019 2793 1051 2822 et
1075 2790 1233 2822 turrium
1251 2790 1381 2822 ruinas
1398 2789 1550 2822 lustravi
1572 2792 1603 2821 et
1627 2788 1872 2829 firmissimum

322 2837 457 2866 natura
483 2834 593 2867 locum
618 2836 772 2869 miratus
795 2846 883 2871 sum.
921 2836 961 2870 P.
1011 2836 1197 2869 Mmmler
1221 2836 1273 2878 II,
1297 2847 1334 2879 p.
1359 2837 1416 2877 86,
1443 2846 1478 2870 n.
1503 2836 1537 2870 4.
1562 2835 1604 2868 de
1629 2835 1699 2868 loco
1722 2835 1871 2870 dubitat.

323 2880 360 2922 2)
387 2880 500 2922 Tnsey
524 2882 562 2913 in
587 2882 715 2915 diocesi
744 2882 903 2916 Tullensi
927 2893 1038 2916 mense
1064 2883 1264 2916 Februario
1287 2893 1322 2918 a.
1339 2883 1431 2921 865‚·
1456 2881 1641 2914 thmmler
1663 2881 1714 2924 II,
1739 2893 1776 2925 p.
1791 2882 1871 2917 111,

321 2927 359 2969 3)
381 2927 592 2970 Flandriae,
619 2930 866 2962 camerarium
884 2929 1038 2969 Karai,-
1063 2930 1248 2962 De‘lmmler
1272 2929 1324 2970 II,
1347 2940 1385 2972 11.
1405 2930 1471 2964 112
1496 2932 1527 2961 et
1551 2929 1631 2963 392.
