2020 3358
474 295 726 341 (AUCTORE
750 295 1122 341 LOEGINHARDO).
1171 298 1218 335 A.
1243 299 1325 335 884.
1351 300 1433 336 885.
1669 302 1737 337 103

177 418 413 468 sistebant,
456 418 857 472 integratumque⁸
904 419 974 459 est
1013 417 1238 471 proelium
1278 431 1333 459 ex
1371 421 1565 473 utraque
1606 423 1737 475 parte

178 480 338 519 contra
358 475 694 518 Nordmannos.
742 475 891 517 Tanta
922 476 1119 530 denique
1149 476 1199 516 in
1231 488 1307 517 eos
1338 477 1575 519 christiani
1598 480 1737 520 caede

176 535 363 578 bachati
393 536 514 583 sunt,
547 536 601 575 ut
632 534 766 589 pauci
797 534 854 576 de
881 536 1015 575 tanta
1035 533 1335 576 multitudine
1355 534 1735 589 relinquerentur.

178 593 352 646 Quibus
393 593 534 647 gestis
571 593 694 634 idem
724 592 953 634 Frisiones
985 605 1142 634 eorum
1171 605 1310 634 naves
1342 593 1610 635 invaserunt
1639 597 1737 635 tan—

175 655 365 706 tumque
385 652 655 693 thesaurum
675 651 725 692 in
746 665 858 692 auro
890 653 937 693 et
969 653 1160 706 argento
1180 651 1396 705 variaque
1418 651 1738 706 suppellectile

175 713 455 766 repererunt,
488 712 542 751 ut
573 723 729 752 omnes
761 723 789 751 a
818 710 1008 751 minimo
1039 723 1182 764 usque
1214 710 1273 751 ad
1302 709 1552 751 maximum
1574 711 1738 752 divites

177 769 484 811 efficerentur.

318 827 458 882 Hugo
479 822 744 869 Hlotha-riib
775 827 894 881 regis
917 826 1051 876 filius,
1085 827 1214 868 cuius
1247 840 1446 869 sororem
1476 827 1737 882 praedictus

178 885 394 928 Gotafrid
426 886 557 928 duxit
587 899 787 935 uxorem,
822 885 1114 927 insimulatus
1146 887 1216 927 est
1248 886 1371 940 apud
1401 885 1735 940 imperatorem,

177 945 298 999 quod
339 945 543 986 eiusdem
583 944 930 999 conspirationis
963 943 1196 986 Gotafridi
1237 946 1398 986 contra
1436 957 1630 999 regnum
1660 945 1738 985 im—

177 1004 398 1058 peratoris
437 1003 594 1045 fautor
634 1003 861 1045 existeret.
933 1001 1240 1054 Quamobrem
1287 1003 1345 1044 ad
1387 1003 1709 1058 imperatorem
1725 1003 1738 1028 ¹

176 1065 364 1104 vocatus
397 1064 444 1104 et
474 1075 594 1103 noxa
625 1062 860 1103 convictus
891 1061 1065 1103 lumine
1096 1061 1333 1103 oculorum
1363 1075 1456 1103 una
1488 1075 1592 1103 cum
1617 1062 1738 1103 avin-

178 1120 308 1162 cu100
353 1134 434 1162 suo
472 1121 676 1175 privatus
709 1122 778 1162 est
811 1123 858 1162 et
888 1121 937 1161 in
967 1120 1296 1162 monasterium
1335 1120 1482 1162 sancti
1513 1120 1738 1162 Bonifatii

178 1179 301 1234 apud
322 1179 548 1220 Fuldam²
577 1181 782 1221 retrusus
803 1179 941 1221 finem
973 1191 1081 1220 suae
1112 1178 1276 1220 habuit
1306 1178 1578 1234 tyrannidis.
1632 1178 1737 1221 Cae·

176 1238 266 1279 teri
305 1250 424 1285 vero,
467 1238 544 1291 qui
585 1251 688 1279 cum
730 1250 783 1279 eo
823 1239 967 1287 erant,
1010 1237 1137 1291 equis
1177 1239 1225 1279 et
1264 1237 1400 1279 armis
1441 1251 1493 1279 ac
1533 1237 1736 1279 vestibus

178 1296 362 1351 spoliati
392 1297 467 1337 vix
496 1296 610 1337 nudi
642 1299 899 1338 evaserunt.

320 1354 577 1409 Imperator
622 1368 727 1396 cum
772 1355 865 1396 suis
911 1355 1035 1409 apud
1074 1354 1413 1396 Franconofurt
1459 1354 1737 1408 colloquium

177 1413 342 1454 habuit
371 1413 607 1467 missisque
638 1413 831 1455 Romam
862 1413 1037 1454 nuntiis
1058 1412 1349 1454 Hadrianum
1379 1412 1643 1467 pontificem
1673 1413 1736 1454 in-

176 1471 341 1512 vitavit
372 1471 421 1512 in
443 1471 696 1513 Franciam.
743 1471 904 1513 Voluit
935 1471 1069 1521 enim,
1102 1473 1157 1512 ut
1186 1471 1313 1513 fama
1342 1470 1576 1525 vulgabat,
1610 1485 1736 1526 quos—

177 1530 283 1570 dam
335 1530 568 1584 episcopos
619 1529 1008 1572 inrationabiliter
1059 1530 1286 1584 deponere
1333 1531 1380 1571 et
1426 1529 1737 1572 Bernhartum

178 1587 323 1629 filium
364 1602 497 1629 suum
537 1601 591 1630 ex
631 1588 887 1630 concubina
923 1589 1164 1630 haeredem
1197 1588 1329 1643 regni
1359 1590 1464 1643 post
1494 1602 1541 1630 se
1574 1589 1736 1630 consti-

175 1649 328 1696 tuere3
372 1649 419 1688 et
449 1647 548 1696 hoc,
582 1647 690 1701 quia
720 1660 802 1702 per
832 1660 879 1688 se
911 1660 1042 1702 posse
1073 1646 1172 1688 fieri
1203 1646 1447 1697 dubitavit,
1479 1660 1560 1702 per
1591 1647 1736 1702 ponti-

177 1705 308 1747 ficem
339 1705 597 1747 Romanum
637 1706 767 1760 quasi
807 1705 1058 1760 apostolica
1097 1706 1374 1748 auctoritate
1404 1706 1621 1760 perficere
1653 1706 1736 1747 dis-

177 1764 342 1818 posuit.
392 1763 531 1806 Cuius
557 1764 856 1806 fraudulenta
878 1764 1068 1806 consilia
1089 1763 1175 1806 Dei
1207 1766 1327 1805 nutu
1359 1764 1579 1819 dissipata
1609 1767 1734 1814 sunt;

178 1835 285 1863 nam
337 1822 544 1877 pontifex
588 1823 821 1864 Romanus
875 1822 932 1864 ab
972 1822 1085 1864 urbe
1133 1823 1361 1876 digressus
1408 1825 1455 1864 et
1499 1822 1736 1864 Heridano

177 1880 365 1922 flumine
404 1881 599 1922 transito
613 1882 629 1906 3
658 1882 801 1922 vitam
832 1883 1119 1936 praesentem
1157 1881 1307 1922 finivit
1338 1880 1634 1936 sepultusque
1667 1884 1736 1922 est

178 1939 225 1980 in
257 1940 533 1981 monasterio
564 1939 856 1981 Nonantulas
868 1940 897 1980 4.
961 1938 1094 1990 Quod
1134 1953 1239 1981 cum
1278 1940 1526 1994 imperator
1563 1952 1736 1994 compe-

176 1998 323 2047 risset,
366 1998 663 2039 contristatus
696 2001 765 2040 est
795 1998 942 2046 valde,
985 2011 1038 2040 00
1069 1999 1191 2052 quod
1226 1998 1275 2039 in
1305 1998 1391 2040 tali
1421 1998 1609 2052 negotio
1639 1998 1735 2039 voti

178 2069 359 2110 compos
399 2056 522 2098 effici
562 2070 655 2098 non
695 2057 860 2111 potuit.
922 2056 1033 2098 Post
1072 2070 1242 2111 paucos
1278 2070 1385 2098 vero
1423 2057 1519 2098 dies
1549 2056 1734 2111 Mogon-

176 2115 349 2156 tiacum
379 2115 507 2156 venit
539 2118 586 2156 et
615 2115 724 2157 inde
756 2115 1079 2166 Wormatiam;
1112 2115 1267 2169 ibique
1300 2128 1404 2157 cum
1435 2115 1656 2170 episcopis
1689 2117 1735 2157 et

177 2172 420 2214 comitibus
452 2172 709 2215 Galliarum
740 2173 902 2215 habita
933 2173 1238 2216 collocutione
1269 2174 1318 2215 in
1349 2173 1609 2215 Baioariam
1639 2187 1735 2228 pro-

175 2231 326 2273 fectus
359 2234 428 2273 est
459 2232 613 2286 ibique
645 2223 850 2274 nata-lem
880 2231 1067 2274 Domini
1099 2232 1389 2275 caelebravit.
1749 2246 1874 2274 Dec.25.

317 2290 512 2331 Romani
553 2291 781 2345 pontificis
821 2291 892 2332 sui
927 2293 1074 2333 morte
1107 2293 1339 2346 comperta
1370 2291 1656 2346 Stephanum
1687 2288 1738 2331 111

177 2348 329 2389 1001101
353 2349 457 2390 01115
489 2349 843 2391 constituerunt.
894 2349 1029 2391 Unde
1060 2349 1308 2405 imperator
1338 2349 1495 2399 iratus,
1529 2349 1650 2404 quod
1682 2362 1734 2391 00

176 2406 435 2448 inconsulto
466 2404 642 2449 ullum‘¹
672 2408 883 2450 ordinare
915 2410 1330 2463 praesumpserunt,
1362 2408 1487 2449 misit
1518 2408 1734 2449 Liutwar-

178 2532 207 2561 a)
225 2531 435 2564 ingratumque
449 2533 510 2559 cod.
564 2533 594 2564 b)
613 2532 709 2560 hluth.
721 2533 783 2560 cod.
838 2535 865 2564 0)
886 2533 1026 2559 aiunculo
1042 2533 1104 2560 cod.
1159 2532 1190 2564 d)
1210 2534 1250 2558 itu
1263 2533 1369 2564 codar,-
1387 2533 1569 2564 legendumne
1582 2532 1684 2558 illum?
1704 2533 1735 2560 P.

178 2638 212 2678 1)
235 2635 296 2669 Ad
315 2634 490 2670 Gundulfi
516 2636 637 2671 villam
663 2638 810 2681 Reytno.
882 2639 918 2681 2)
941 2638 1077 2681 Reqino
1100 2649 1177 2672 eum
1202 2637 1240 2671 in
1264 2636 1483 2672 monasterio
1508 2637 1622 2672 sancti
1639 2635 1736 2671 Galli

176 2684 334 2725 messum,
369 2682 453 2717 inde
477 2686 605 2728 postea
628 2683 666 2717 in
690 2684 845 2728 patriam
870 2689 1078 2727 revocatum,
1113 2683 1306 2719 novissime
1330 2683 1554 2729 temporibus
1578 2683 1735 2718 211011111-

175 2729 297 2763 11010111
322 2730 419 2774 regis
439 2730 477 2763 in
494 2729 644 2764 Prumia
660 2730 879 2766 monasterio
905 2742 1014 2764 manu
1038 2742 1106 2765 ειια
1130 2736 1267 2765 tonsum
1291 2742 1361 2765 esse
1384 2732 1570 2765 memoriae
1590 2731 1735 2775 prodit,-

174 2777 220 2818 cf.
247 2776 435 2810 Dt‘lmmler
459 2777 533 2819 III,
555 2789 594 2821 p.
619 2778 699 2813 241.
821 2779 857 2820 3)
879 2778 1108 2821 Hadrianus,
1131 2779 1344 2822 priusquam
1371 2778 1510 2811 Padum
1534 2779 1733 2820 atta'nqeret,

175 2828 255 2857 teste
278 2823 360 2857 Vita
386 2824 560 2868 Stephani
583 2834 692 2868 super
716 2823 865 2858 fluvium
891 2822 1082 2858 Scultinna
1106 2825 1288 2867 (Panaro)
1322 2824 1360 2858 in
1383 2823 1478 2868 villa,
1513 2835 1606 2868 quae
1631 2823 1734 2858 Viul-

174 2869 326 2904 zachara
364 2873 595 2914 nuncupatur
631 2870 686 2912 (S.
723 2871 895 2913 Cesar-io),
936 2876 1096 2905 mortuus
1131 2876 1199 2912 cart,-
1243 2872 1429 2906 Dammler
1465 2871 1543 2915 111,
1580 2883 1616 2916 p.
1652 2872 1734 2907 246.

174 2917 212 2959 4)
235 2917 346 2950 Haud
373 2918 471 2960 101190
495 2929 519 2951 α
544 2918 698 2953 Mutina.
736 2918 776 2953 P.
