2020 3358
410 298 663 346 (AUCTORE
687 299 1059 345 MEGINHARDO).
1107 301 1154 338 A.
1179 305 1260 339 874.
1285 305 1366 341 875.
1626 308 1674 342 83

113 421 257 464 Cuius
288 421 530 476 legationis
561 420 772 474 princeps
803 422 902 462 erat
924 419 1155 462 Iohannes
1187 422 1423 477 presbyter
1454 425 1510 466 de
1529 424 1670 467 Vene-

110 480 238 530 uisa,
280 479 358 534 qui
397 479 550 529 etiam,
590 480 644 519 ut
685 478 728 520 ei
766 490 846 520 rex
884 477 1010 519 omni
1041 478 1343 533 ambiguitate
1374 484 1550 524 remota
1582 496 1671 526 cre-

113 539 256 588 deret,
298 537 515 591 quicquid
551 535 702 578 verbis
740 535 937 586 dicebat,
978 539 1263 579 sacramento
1294 538 1518 589 firmabat,
1551 541 1671 583 vide-

112 596 224 638 licet
253 598 307 637 ut
338 594 615 637 Zuentibald
653 594 752 648 regi
790 593 939 636 fidelis
976 598 1264 649 permaneret
1302 597 1478 638 cunctis
1511 598 1672 640 diebus

112 655 236 696 vitae
267 666 376 696 suae
408 655 455 695 et
487 666 675 695 censum
705 665 733 694 a
762 665 870 707 rege
902 653 1206 694 constitutum
1236 667 1317 709 per
1349 667 1491 697 annos
1522 656 1672 710 singu-

110 712 180 754 los
220 712 435 762 solveret,
483 711 522 753 si
563 711 605 754 ei
642 711 964 766 tantummodo
1008 712 1163 765 quiete
1209 725 1344 767 agere
1390 715 1438 756 et
1483 714 1672 769 pacifice

111 766 296 813 vivereb
354 770 696 812 concederetur.
777 769 1085 812 Behemorum
1142 783 1321 825 quoque
1378 772 1544 814 nuntia
1592 785 1672 815 rex

109 829 290 871 audivit
322 831 369 871 et
401 828 598 871 absolvit
638 830 686 870 et
724 829 828 882 post
867 828 983 870 haec
1021 828 1072 869 in
1102 827 1362 871 Baioariam
1398 843 1446 872 se
1482 831 1669 886 recepit.

253 887 412 930 Mense
443 889 599 929 autem
625 886 774 928 Iulioss
809 886 867 928 de
894 883 1136 928 Baioariad
1170 887 1297 929 venit
1329 888 1388 929 ad
1418 888 1671 931 Frflncono-
1686 904 1740 932 ml

107 945 236 987 furt0
274 948 321 987 et
351 946 460 988 inde
491 947 594 1000 post
624 944 867 1000 paululum
895 945 1123 987 transiens
1145 946 1268 1000 apud
1287 945 1447 988 villam
1468 946 1671 1002 Biburgl

110 1004 367 1046 conscensis
406 1003 600 1046 navibus
641 1004 700 1045 ad
730 998 1037 1058 Aquisgranjf
1071 1003 1297 1058 palatium
1336 1005 1556 1059 perrexit;
1600 1019 1670 1048 ex-

109 1065 304 1117 actoque
334 1062 400 1104 ibi
429 1065 636 1117 tempore
666 1075 761 1103 non
790 1062 970 1104 modico
990 1062 1182 1104 tandem
1205 1075 1361 1105 mense
1382 1062 1667 1106 Decembreg
1683 1079 1755 1107 Dec.

107 1133 216 1163 cum
244 1121 389 1163 fratre
421 1134 502 1163 suo
534 1120 707 1163 Karolo
747 1120 909 1162 habita
948 1120 1255 1163 collocutione
1295 1121 1419 1176 apud
1458 1125 1669 1164 sanctum

108 1179 443 1221 Lantbertum2
492 1179 632 1221 rediit
681 1179 731 1220 in
776 1178 1018 1221 Franciam
1062 1179 1278 1233 venitque
1324 1179 1670 1234 Mogontiacum

108 1237 249 1279 XIII.
282 1237 388 1279 Kal.
421 1238 605 1280 Ianuar.
644 1240 691 1280 et
721 1237 829 1279 inde
860 1237 920 1280 ad
950 1232 1320 1279 Franconofurth
1355 1238 1511 1292 ibique
1542 1241 1668 1281 nata·
1683 1254 1809 1284 nauseo.

109 1291 223 1338 lem*
265 1296 452 1338 Domini
484 1292 785 1350 celebravitk.
828 1326 833 1330 -

251 1354 353 1396 Hoc
384 1368 505 1397 anno
535 1354 659 1397 fame
691 1356 739 1396 et
769 1353 1035 1409 pestilentia
1064 1367 1146 1409 per
1175 1354 1436 1396 universam
1467 1353 1669 1397 Galliam

108 1415 157 1455 et
179 1411 472 1455 Germaniam
493 1413 807 1468 grassantibus
838 1425 956 1467 pene
985 1412 1131 1454 tercia
1151 1425 1254 1467 pars
1276 1412 1467 1454 humani
1488 1414 1667 1467 generis

108 1474 379 1526 consumpta
411 1474 492 1514 est.
540 1471 739 1513 Hemma
769 1483 948 1525 quoque
979 1471 1139 1525 regina
1169 1470 1327 1513 morbo
1358 1470 1544 1526 paralisi
1577 1485 1667 1513 cor-

106 1533 241 1585 repta
270 1544 405 1571 usum
435 1530 653 1584 loquendi
684 1529 850 1572 amisit.

837 1653 939 1700 875.

251 1723 623 1770 DCCOLXXV.¹
692 1727 791 1770 Rex
821 1727 1162 1769 Hludowicusm
1192 1728 1414 1770 hiemavit
1451 1728 1500 1769 in
1532 1728 1667 1770 Fran-

107 1787 323 1828 conofurt
356 1789 403 1828 et
434 1788 538 1841 post
569 1787 740 1841 pascha
764 1786 991 1841 perrexitn
1017 1786 1066 1826 in
1088 1785 1347 1828 Baioariam
1377 1786 1572 1828 invisere
1602 1800 1667 1828 re-
1682 1800 1754 1836 Apr.

107 1845 277 1899 ginam.
340 1845 457 1886 Inde
497 1845 678 1887 rediens
717 1844 836 1886 circa
866 1843 1102 1885 Kalendas
1134 1844 1290 1885 Iunii3
1319 1845 1446 1886 venit
1484 1845 1543 1886 ad
1574 1844 1667 1886 'rri-
1681 1859 1782 1891 (m).

108 1903 248 1945 bure⁰
277 1903 432 1956 ibique
463 1902 678 1956 generale
708 1902 931 1957 placitum
951 1901 1129 1943 habuit.
1176 1902 1304 1944 Tunc
1325 1902 1447 1944 inter
1468 1902 1667 1945 Francos

109 1964 158 2003 et
190 1961 389 2002 Saxones
420 1961 612 2002 seditiol’
648 1974 742 2002 non
771 1960 951 2001 modica
983 1962 1140 2002 exorta
1171 1962 1253 2011 est,
1296 1962 1343 2003 et
1372 1961 1462 2002 nisi
1492 1960 1667 2002 Hludo·

109 2020 288 2061 wicusm
320 2019 470 2060 iunior
501 2019 665 2060 citius‘l
700 2028 806 2060 cum
835 2018 928 2059 suis
958 2017 1291 2069 intervenisset,
1324 2019 1416 2060 iam
1447 2019 1666 2061 districtis

109 2077 276 2131 gladiis
308 2079 470 2118 mutua
501 2089 548 2118 se
579 2077 746 2118 caeder
780 2078 1086 2118 truncassent.

253 2135 400 2177 Stella
446 2137 644 2177 cometes
681 2134 818 2176 VIII.
860 2134 930 2175 Id.
971 2134 1097 2176 Iunii
1142 2135 1191 2176 in
1237 2134 1490 2189 aquilonali
1535 2138 1667 2190 parte
1681 2151 1782 2178 num

110 2194 258 2248 prima
288 2194 401 2235 hora
430 2194 578 2235 noctis
610 2193 822 2248 apparuit
852 2192 956 2247 plus
987 2192 1122 2234 solito
1147 2192 1403 2235 scintillans
1426 2206 1666 2248 comasque
1743 2209 1747 2213 ·

108 2265 340 2307 spargens,
380 2265 478 2293 rem
518 2252 804 2306 stupendam,
845 2251 984 2292 immo
1024 2250 1286 2306 lugendam,
1328 2264 1444 2306 quae
1476 2252 1567 2294 cito
1604 2265 1667 2294 se·

110 2313 218 2352 cuta
250 2312 332 2361 est,
365 2323 447 2352 sua
478 2310 787 2365 apparitione⁸
826 2308 1238 2364 praemonstranst‚
1278 2310 1482 2364 quamvis
1514 2310 1666 2352 adhuc

109 2369 309 2422 peccatis
347 2368 514 2410 nostris
555 2367 842 2423 exigentibus
878 2367 1086 2422 graviora
1117 2367 1372 2422 significare
1402 2368 1623 2410 timeatur
1635 2368 1663 2408 ⁴¹.

109 2518 139 2547 a)
158 2516 291 2542 ueneciis
311 2517 336 2543 1.
354 2516 401 2548 303
422 2516 554 2541 Venetus
573 2516 618 2543 ad.
725 2515 755 2547 b)
780 2523 828 2548 qu.
854 2518 885 2542 et
906 2522 970 2547 pac.
989 2523 1007 2541 ιι
1026 2522 1096 2547 rege
1115 2516 1176 2543 viv.
1201 2516 1310 2543 smne.
1328 2516 1361 2543 F.
1470 2517 1497 2546 c)
1522 2516 1605 2542 iunio
1624 2517 1664 2543 δε.

110 2550 142 2580 d)
161 2559 193 2576 se
207 2565 240 2569 —
255 2551 393 2576 Baioaria
411 2551 467 2577 des.
482 2551 527 2578 811.
590 2552 618 2581 e)
637 2550 850 2583 franconofort,
870 2549 950 2576 unde
969 2554 1036 2583 post
1054 2551 1094 2579 3c.
1158 2551 1184 2582 s)
1202 2550 1390 2583 Aquasgraul
1409 2550 1454 2578 Sd.
1467 2550 1499 2578 F.
1563 2553 1592 2582 g)
1612 2549 1664 2577 de-

110 2586 223 2611 cembri
242 2587 286 2612 sd.
298 2593 320 2612 e.
339 2586 372 2613 F.
453 2585 483 2615 h)
502 2586 705 2611 franconofort
723 2586 764 2614 ac.
840 2586 862 2617 i)
881 2585 982 2611 natale
1001 2586 1025 2613 1.
1044 2585 1090 2613 Sd.
1168 2584 1199 2616 k)
1218 2592 1234 2611 c
1254 2585 1327 2613 lebr.
1345 2585 1370 2613 2.
1390 2586 1429 2612 Se.
1502 2585 1522 2616 1)
1541 2585 1616 2611 «ime
1635 2586 1662 2617 8,

109 2622 179 2648 aad.
196 2629 214 2645 α
235 2621 393 2647 ιαηιὸεοιό.
466 2622 506 2650 m)
524 2618 633 2648 ludow.
651 2620 691 2647 8ο.
762 2621 794 2651 n)
814 2621 931 2652 perexit
951 2622 974 2648 1.
1047 2620 1076 2652 ο)
1094 2620 1217 2646 trubure
1262 2627 1269 2652 3
1300 2619 1431 2646 tribuero
1449 2620 1495 2649 sd.
1567 2622 1598 2654 p)
1617 2627 1664 2646 se-

110 2655 189 2681 dicio
208 2656 234 2683 2.
254 2656 330 2684 sna,
403 2656 433 2687 q)
452 2655 544 2681 clelus
563 2655 590 2682 2.
661 2657 686 2686 r)
707 2653 780 2681 cede
794 2656 818 2684 1.
890 2656 915 2686 s)
933 2654 1127 2687 apparicione
1145 2655 1170 2683 2.
1244 2658 1266 2686 t)
1286 2662 1377 2687 prom.
1398 2656 1422 2682 1.

111 2772 145 2814 1)
169 2772 336 2806 Biberich
361 2772 464 2814 infra
490 2771 726 2813 Maquntiam.
764 2771 804 2807 P.
947 2771 984 2814 2)
1006 2770 1150 2810 LeodH:
1180 2775 1218 2804 at
1242 2771 1462 2805 Hitwmarus
1491 2772 1531 2805 id
1561 2781 1664 2806 secus

110 2817 255 2853 Mosam
291 2817 387 2862 apud
420 2817 670 2852 Her-istallium
702 2818 835 2860 factum
869 2827 938 2851 esse
970 2818 1067 2852 dicit.
1186 2819 1222 2859 3)
1244 2815 1371 2852 Mense
1396 2815 1496 2852 Maio
1522 2818 1662 2853 Hincm.

108 2866 146 2907 4)
171 2866 268 2899 Haec
293 2866 406 2908 iyitur
430 2869 510 2899 ante
526 2867 735 2909 compertam
753 2864 935 2898 Imdowr‘ci
957 2865 1183 2908 imperatoris
1208 2869 1349 2898 mortem
1374 2866 1569 2909 conscripta
1595 2875 1663 2899 esse

107 2916 269 2955 apparet.

1334 2981 1377 3015 ὓ*
