2020 3358
312 317 361 352 22
669 311 790 350 ANN.
813 311 959 349 FULD.
983 311 1117 347 PARS
1141 311 1172 349 Ι.
1195 311 1514 358 (SELIGENST.)

314 440 435 465 comes
451 428 706 464 Barcinonae⁸
726 427 947 463 infidelitatis
964 439 986 463 a
1000 427 1126 463 vicinis
1151 428 1223 463 suis
1247 428 1473 464 insimulata
1484 440 1500 464 s
1526 440 1608 464 cum
1626 428 1860 464 accusatoreb

312 487 378 511 suo
414 475 571 521 equestri
610 486 735 521 pugna
770 474 964 521 confligere
1001 477 1151 510 conatus
1186 475 1362 518 vincitur3
1404 478 1440 510 et
1476 478 1516 510 ut
1552 487 1634 510 reus
1670 475 1867 511 maiestatis

313 534 380 568 cap
381 523 458 558 itali
482 522 660 558 sententia
683 522 917 557 damnatusc
942 524 1159 566 parcente
1184 522 1217 556 ei
1242 522 1469 566 imperatore
1493 523 1599 558 exilio
1625 522 1866 567 deportatur.

178 576 300 606 Asina.
312 535 470 614 Propter
493 569 716 604 nimietatem
741 568 944 613 pluviarum
969 567 1088 603 aere⁴¹
1118 571 1298 613 corrupto
1311 569 1322 588 ¹
1347 569 1535 604 hominum
1561 572 1598 604 et
1621 569 1733 604 boum
1758 569 1866 614 pesti-

165 623 300 652 A.an-.
312 617 425 652 lentis,
456 616 564 662 longe
597 616 740 660 lateque
774 615 842 650 ita
871 618 1032 660 grassata
1064 617 1128 669 est,
1162 618 1204 649 ut
1226 615 1287 650 vix
1311 615 1384 650 ulla
1407 627 1490 660 pars
1514 616 1618 662 regni
1641 615 1866 651 Francorum

312 663 359 698 ab
382 663 451 698 hac
475 665 575 708 peste
599 662 782 697 inmunise
807 664 946 706 posset
969 661 1133 699 inveniri.
1181 661 1347 708 Fruges
1372 673 1515 707 quoque
1539 663 1597 697 vel
1622 662 1770 708 colligis
1791 674 1865 697 non

311 712 481 764 poterant
512 709 571 744 vel
604 708 779 744 collecta'
811 710 1093 753 putruerunt.
1151 708 1290 744 Vinum
1324 709 1432 744 etiam
1466 712 1616 754 propter
1650 709 1777 744 caloris
1812 709 1865 743 ιιι-

177 809 299 838 A.sith.
311 757 432 801 OPim
453 756 690 838 {egi-DQ}
712 754 1159 846 {illsllllgggnfigEffnpemtor
1170 800 1414 855 Noviomagi*
1429 801 1640 837 divisionem
1653 802 1756 848 regni
1768 801 1809 837 fe
1817 802 1868 837 cit

311 850 409 903 inter
418 848 511 884 filios
524 860 623 892 su0s3
640 848 794 883 deinde
783 860 821 882 m
833 848 918 883 villa
934 847 1140 883 Theodonis
1151 853 1174 881 8
1191 859 1326 892 omnes,
1340 848 1402 892 qui
1415 860 1478 883 suo
1491 849 1678 893 tempore
1667 860 1706 883 ιιι
1719 849 1867 884 exilium

311 895 411 931 missi
427 894 620 940 fueranth,
644 895 828 930 revocavit
852 897 889 930 et
913 895 986 929 sin
1031 894 1126 929 ulis
1150 894 1188 929 in
1205 897 1338 929 statum
1363 895 1627 940 pristinum
1652 895 1867 930 restitutis²³

164 949 200 978 Α.
210 950 299 978 laur.
310 953 551 987 possessiones
584 953 774 986 quoque
808 940 962 977 iudicioi
1015 941 1089 987 egis
1114 941 1152 975 ιιι
1176 940 1338 976 fiscumk
1365 942 1529 977 redactas
1553 953 1686 987 magna
1710 942 1866 977 liberali·

176 996 212 1024 Α.
221 996 299 1024 sith.
310 992 387 1024 tate
422 989 590 1025 restituit.
753 987 1036 1023 Hlothariusl·⁴
1072 987 1184 1022 filius
1226 988 1329 1023 eius
1369 1000 1519 1023 uxorem
1557 989 1660 1023 duxit
1697 992 1733 1023 et
1769 988 1867 1033 apud

163 1035 601 1071 A.Laur.Wor1naciam¹¹¹
624 1035 808 1071 hiemavit.
933 1034 1148 1080 Ceadrogo
1172 1035 1340 1079 princeps
1356 1035 1647 1070 Abodritorumn
1677 1036 1761 1080 quia
1785 1047 1866 1080 per·

309 1081 418 1117 fidiae
452 1084 489 1117 et
522 1081 708 1117 cuiusdam
745 1092 828 1116 cum
861 1080 943 1115 filiis
977 1080 1186 1116 Godafridi
1199 1087 1217 1107 0
1257 1081 1375 1117 factae
1409 1082 1588 1117 societatis
1601 1089 1620 1116 1)
1660 1082 1865 1125 notabatur,

311 1127 490 1163 Sclaomir
523 1128 683 1163 aemulus
699 1134 720 1160 <1
759 1128 835 1162 eius
868 1128 906 1161 in
939 1127 1094 1172 patriam
1128 1127 1334 1164 remittitur.
1383 1127 1466 1173 Qui,
1501 1140 1583 1163 cum
1608 1129 1646 1162 in
1671 1128 1866 1164 Saxoniam

309 1175 482 1219 venisset,
530 1174 756 1220 aegritudine
772 1181 789 1200 1·
835 1174 1027 1217 decubuit3
1075 1176 1247 1218 percepto
1263 1180 1278 1200 Β
1326 1174 1496 1219 baptismi
1539 1178 1764 1210 sacramento
1805 1175 1867 1210 de·

308 1221 455 1257 functus
480 1222 578 1258 estt.

257 1276 298 1304 ib.
451 1266 703 1303 DOOCXXH.
752 1266 798 1301 In
814 1266 962 1312 regione
981 1266 1251 1312 Thuringorum
1269 1267 1427 1311 quodam
1446 1267 1484 1301 in
1501 1268 1581 1302 loco
1598 1268 1700 1302 iuxta
1715 1268 1867 1303 fluvium

310 1314 356 1351 N.
383 1321 538 1359 cespesu
567 1314 793 1359 longitudine
817 1314 951 1358 pedum
969 1314 1276 1359 quinquagenum,
1302 1314 1492 1349 latitudine
1517 1315 1866 1360 quattuordenumv,

310 1361 500 1396 altitudine
517 1361 793 1405 sesquipedaliw
811 1360 856 1395 de
872 1363 970 1395 terra
992 1361 1068 1395 sine
1090 1361 1256 1395 manibus
1274 1363 1311 1395 et
1326 1361 1507 1405 praecisus
1520 1368 1541 1388 ¹
1563 1364 1600 1396 et
1616 1362 1776 1396 sublatus
1794 1365 1864 1404 est3

310 1410 347 1443 et
371 1408 417 1443 ab
443 1419 486 1442 eo
510 1408 602 1450 loco,
628 1408 665 1441 in
690 1418 762 1451 quo
787 1409 950 1451 sumptus
976 1410 1039 1450 est,
1065 1406 1176 1442 XXV
1199 1407 1334 1452 pedum
1359 1408 1474 1452 spatio
1487 1415 1509 1442 y
1538 1408 1673 1442 distans
1698 1408 1866 1443 inventus

310 1457 374 1490 est.
423 1454 519 1489 Item
543 1454 582 1488 in
605 1456 709 1498 parte
734 1454 916 1488 orientalis
933 1453 1156 1497 Saxoniaez,
1181 1465 1273 1498 quae
1292 1453 1514 1489 Soraborum
1538 1454 1670 1489 finibus
1694 1455 1866 1500 contigua

309 1503 375 1546 est,
408 1501 447 1535 in
477 1501 634 1545 quodam
665 1500 807 1535 deserto
838 1501 919 1535 loco
950 1501 1051 1534 iuxta
1082 1501 1212 1543 lacum,
1244 1500 1306 1544 qui
1331 1501 1462 1535 dicitur
1485 1501 1639 1543 Arnseo,
1673 1503 1798 1536 ten-aa
1827 1502 1866 1536 in

309 1547 459 1582 modum
477 1548 618 1593 aggeris
643 1547 815 1582 intumuit
839 1549 876 1582 et
899 1547 1051 1581 limitem
1068 1547 1174 1581 unius
1198 1548 1326 1593 leugae
1351 1548 1510 1592 spatio
1523 1547 1542 1574 b
1573 1551 1782 1592 porrectum
1798 1549 1866 1583 sub

308 1605 392 1629 una
427 1598 541 1629 nocte
578 1594 712 1638 absque
749 1593 899 1628 humani
935 1594 1052 1638 operis
1088 1594 1273 1628 molimine
1311 1594 1356 1628 ad
1392 1595 1505 1629 instar
1540 1595 1648 1629 vallic
1693 1594 1865 1632 subrexit.

174 1640 573 1677 A.s1t11ffludowicusd
617 1641 815 1694 imperator
847 1641 1075 1675 sacerdotum
1113 1652 1196 1675 usus
1231 1641 1379 1675 consilio
1413 1641 1458 1676 de
1493 1642 1735 1685 omnibus,
1772 1653 1866 1686 quae

307 1688 453 1741 publice
469 1699 659 1732 perperam
677 1687 796 1733 gessit,
821 1687 1003 1740 publicam
1020 1687 1280 1731 poenitentiam
1298 1688 1397 1733 egite
1425 1690 1462 1722 et
1485 1690 1567 1732 post
1582 1688 1672 1723 haec
1684 1687 1700 1714 f
1722 1691 1865 1732 cuncta,

308 1745 401 1779 quae
425 1734 463 1768 in
481 1745 594 1769 reo
620 1745 683 1768 suo
709 1734 922 1779 corrigenda
946 1734 1107 1768 invenire
1120 1740 1142 1766 g
1170 1734 1300 1778 potuit,
1332 1735 1526 1788 corrigere
1538 1737 1646 1778 atque
1671 1735 1865 1770 emendare

308 1781 458 1817 curavit.
558 1780 746 1816 othariush
778 1781 815 1814 in
838 1780 994 1823 Italiam,
1018 1780 1195 1825 Pippinus
1219 1780 1332 1816 frater
1357 1781 1431 1816 eius
1457 1784 1493 1816 et
1516 1781 1593 1825 ipse
1618 1793 1730 1816 uxore
1756 1782 1865 1817 ducta

93 1846 128 1874 A.
139 1845 225 1875 Fuld.
234 1850 296 1875 ant.
307 1839 346 1872 ιιι
369 1838 605 1883 Aquitaniam
630 1839 758 1873 missus
784 1841 865 1875 est.
1008 1838 1127 1886 Eigili
1170 1831 1310 1873 abbas
1342 1831 1584 1873 Fuldensis
1618 1828 1860 1874 coenobiik

85 1885 573 1921 A..Laur823‘2defunctus
603 1885 860 1920 Hrabanuml
902 1897 1236 1921 successorem
1270 1886 1532 1930 reliquitm.
1675 1886 1756 1922 Ebo
1790 1886 1862 1922 Re-

307 1932 675 2015 ibngrmungpiscopus
715 1932 852 1978 genti
888 1931 1308 1967 Nordmannorum
1350 1933 1716 1979 evangelizavit
1756 1944 1863 1968 ver-

114 2009 119 2014 ·
173 2033 208 2060 A.
219 2033 295 2061 sith.
428 2024 722 2062 *lmccoxxm
770 2025 1013 2062 Hlothariusn
1045 2025 1182 2060 iuvenis
1206 2028 1358 2072 rogante
1384 2025 1558 2062 Paschale
1587 2038 1683 2071 papa
1705 2026 1891 2062 Romam*
1912 2054 1920 2061 .

307 2071 454 2107 veniens
471 2072 517 2107 ab
534 2072 662 2107 eodem
676 2075 870 2107 coronatur
887 2075 923 2107 et
941 2083 961 2106 a
977 2073 1112 2117 populo
1125 2073 1292 2108 Romano
1309 2073 1507 2117 imperator
1520 2076 1648 2119 august
1656 2086 1680 2108 u
1687 2085 1703 2108 s
1710 2074 1863 2118 ⁶appe1-

89 2125 126 2154 A.
136 2126 224 2154 Laut.
233 2127 295 2155 822.
307 2119 413 2153 latur.
454 2118 687 2163 Liudewitus,
714 2119 787 2162 qui
812 2130 828 2153 s
838 2131 862 2153 u
871 2130 896 2163 p
907 2130 926 2153 e
936 2130 956 2153 r
965 2119 978 2152 i
989 2130 1009 2153 0
1020 2131 1039 2153 r
1050 2131 1069 2154 e
1095 2131 1207 2154 anno
1231 2123 1381 2164 propter
1401 2121 1610 2155 exercitum
1636 2123 1792 2156 contra
1817 2133 1833 2155 s
1842 2131 1862 2156 e

460 2222 496 2268 *)
518 2222 720 2258 Warmatie
745 2234 854 2258 manu
878 2234 965 2260 saec.
989 2224 1100 2260 XIII.
1125 2226 1402 2269 superscriptum
1426 2227 1465 2259 in
1488 2226 1561 2261 cod.
1587 2228 1620 2261 3.

306 2330 335 2360 a)
353 2328 523 2354 barcenone
541 2329 567 2356 3.
630 2329 661 2360 b)
679 2331 869 2355 accussatore
888 2330 913 2357 1.
978 2330 1005 2360 c)
1025 2328 1143 2361 dampn.
1162 2330 1186 2356 2.
1251 2328 1281 2360 d)
1301 2337 1370 2365 aere
1390 2331 1416 2358 2.
1479 2332 1507 2361 e)
1528 2330 1605 2357 imm.
1627 2332 1650 2358 1.
1704 2331 1728 2361 f)
1747 2330 1815 2356 colli
1835 2331 1860 2358 3.

306 2365 338 2395 g)
357 2363 506 2389 theotonis
526 2365 550 2391 1.
570 2363 596 2391 2.
690 2363 721 2394 h)
746 2364 868 2390 fuerunt
886 2371 961 2391 corr.
981 2364 1100 2390 fuerant
1120 2366 1151 2397 13
1180 2365 1302 2390 fuerunt
1320 2366 1345 2392 3.
1442 2365 1464 2395 i)
1489 2364 1595 2391 iuditio
1616 2367 1640 2392 1.
1659 2366 1685 2392 3.
1773 2365 1804 2396 k)
1828 2367 1860 2391 iu

306 2398 408 2424 fiscum
427 2399 485 2426 des.
503 2399 528 2426 2.
609 2398 630 2429 l)
649 2397 825 2424 hludharius
845 2400 870 2427 3.
953 2400 992 2430 m)
1011 2399 1223 2425 Wormaticam
1243 2400 1267 2427 3.
1348 2401 1379 2430 n)
1399 2399 1501 2427 obodr.
1520 2401 1546 2427 3.
1617 2403 1646 2431 ο)
1665 2399 1807 2432 godifridi
1826 2401 1858 2434 23

305 2431 455 2465 godofridi
474 2434 500 2461 3.
594 2435 625 2466 p)
638 2431 728 2459 ‘facte
747 2434 895 2460 sotietatis
915 2434 940 2461 3.
1037 2436 1066 2466 q)
1092 2435 1205 2460 emulus
1226 2436 1250 2462 1.
1342 2437 1368 2465 r)
1397 2434 1565 2466 egritudine
1586 2437 1610 2463 1.
1629 2436 1654 2462 3.
1744 2437 1769 2466 s)
1793 2443 1860 2468 per-

306 2469 446 2500 ceptione
465 2469 489 2496 3.
572 2470 594 2499 t)
617 2469 742 2494 moritur
761 2471 785 2496 1.
806 2470 831 2496 2.
912 2471 942 2500 ιι)
962 2470 1058 2501 cespis
1077 2470 1102 2497 3.
1181 2472 1212 2500 v)
1231 2469 1388 2502 quatuord.
1408 2472 1433 2497 1.
1453 2470 1478 2497 2.
1551 2472 1589 2501 w)
1608 2469 1815 2503 sexquipedali
1834 2472 1859 2499 3.

305 2505 337 2534 x)
357 2503 489 2535 precisus
510 2504 536 2531 1.
607 2505 638 2536 y)
657 2504 759 2535 spacio
779 2506 803 2531 1.
870 2506 896 2535 z)
915 2504 1039 2530 saxonie
1058 2505 1082 2532 3.
1154 2506 1183 2535 a)
1201 2505 1276 2530 deest
1296 2507 1319 2532 1.
1385 2505 1415 2536 b)
1434 2505 1536 2537 spacio
1555 2506 1579 2533 2.
1593 2506 1617 2532 3.
1681 2507 1708 2537 c)
1727 2506 1814 2531 vallis
1833 2507 1860 2534 2.

306 2537 337 2568 d)
356 2537 416 2565 lud.
436 2545 519 2563 eraso
539 2538 559 2564 h
579 2539 611 2571 15
631 2537 710 2566 hlod.
729 2539 755 2566 3.
827 2542 855 2570 e)
873 2539 966 2571 gessit
985 2539 1010 2567 3.
1082 2539 1107 2570 f)
1126 2539 1181 2565 hec
1200 2540 1225 2567 3.
1294 2542 1323 2572 g)
1342 2540 1474 2565 inveniri
1493 2540 1519 2567 3.
1587 2540 1619 2571 h)
1638 2540 1806 2566 hlutharius
1826 2542 1858 2574 ¹3

306 2572 480 2599 hlodharius
501 2574 527 2601 3.
608 2574 630 2606 i)
649 2574 707 2606 egil
725 2574 750 2602 2.
831 2574 863 2605 k)
884 2574 1000 2600 cenobii
1019 2575 1044 2602 3.
1117 2575 1138 2605 l)
1157 2575 1176 2600 h
1196 2581 1309 2600 eras-um
1330 2577 1354 2603 l.
1426 2577 1465 2606 m)
1485 2576 1602 2608 accepit
1621 2576 1645 2603 3.
1717 2578 1748 2607 ιι)
1767 2575 1859 2601 Hlod·

305 2608 407 2634 harius
427 2609 452 2636 3.

306 2689 342 2732 1)
364 2688 521 2733 Propter
545 2709 590 2714 —
616 2700 677 2724 aer
702 2692 892 2734 corruptus
917 2691 1013 2727 Ann.
1034 2691 1126 2726 Sith.
1222 2691 1258 2734 2)
1273 2689 1456 2725 frumenta
1481 2717 1490 2728 .
1516 2717 1526 2728 .
1553 2718 1561 2727 .
1587 2691 1737 2726 collecta
1761 2694 1856 2726 Ann.

304 2736 418 2772 Laur.
515 2737 551 2780 3)
573 2735 686 2773 Hlud.
705 2757 748 2762 —
766 2737 949 2772 revocavit
974 2740 1010 2771 et
1034 2748 1328 2781 unumquemque
1354 2738 1391 2771 in
1414 2749 1518 2772 suum
1543 2740 1675 2772 statum
1701 2738 1858 2773 restituit

304 2784 400 2818 Ann.
426 2783 538 2823 Sith.,·
570 2794 622 2826 ea,
657 2794 745 2827 quae
777 2789 971 2828 sequuntur
1001 2795 1044 2818 ecc
1068 2786 1164 2820 Ann.
1188 2785 1302 2820 Laur.
1421 2786 1458 2827 4)
1480 2783 1694 2818 Hlotharius
1718 2784 1856 2819 iuvenis

303 2830 399 2864 Ann.
418 2830 528 2870 Sith.,·
553 2828 666 2863 filium
693 2832 813 2864 autem
830 2829 958 2867 Hloth.
976 2832 1020 2866 A.
1038 2831 1152 2867 Laur.
1240 2831 1277 2875 5)
1299 2831 1432 2865 Dubito
1454 2842 1503 2865 an
1528 2831 1611 2865 haec
1634 2842 1678 2865 az·
1697 2833 1857 2876 pleniore

304 2876 503 2909 Annalium
521 2877 612 2912 Seth.
637 2878 834 2921 eoeemplari
856 2879 925 2912 sive
942 2879 1145 2912 Annalibus
1161 2878 1421 2911 Blandinianis
1440 2879 1552 2922 petita
1576 2879 1659 2914 sint.
1738 2879 1773 2922 6)
1796 2879 1857 2913 Ea·

303 2923 398 2959 Ann.
425 2923 539 2958 Laur.
563 2922 801 2967 (imperatoris
827 2927 864 2958 et
888 2924 1030 2969 augusti
1055 2935 1188 2959 nomen
1213 2924 1374 2968 accepit).
