2020 3358
446 307 685 344 AUCTORE
708 306 988 344 EINHARDO.
1037 307 1085 344 A.
1110 309 1309 344 830—837.
1611 310 1657 345 27

242 424 572 461 DOOCXXXIIII.
621 424 738 459 Post
761 424 913 459 haecss
942 421 1161 458 iudiciob
1193 424 1532 469 episcoporum
1558 432 1801 460 arinaAAEert.

100 473 325 518 deposuit¹
345 472 487 507 etade
512 471 743 518 agendam
768 469 1157 516 poenitentiamd
1179 470 1398 505 inclusus
1424 475 1514 514 est,
1540 484 1658 507 uxor

100 519 297 555 inItaliam
315 519 470 556 ducta.
508 518 834 562 Proximaque
857 517 1234 561 aestatee·²ipse
1257 517 1508 552 relaxatus
1532 529 1659 553 arma

99 566 384 611 resumpsit,
417 577 614 600 uxorem
638 565 850 609 recepit,
874 563 1164 599 Hlothariumf
1194 563 1286 599 ad&
1314 563 1459 599 Italiam
1485 576 1566 599 eum
1592 565 1658 608 his,

100 614 162 659 qui
183 625 266 649 eum
291 613 392 657 sequi
416 613 669 656 volebant,
695 612 849 646 redire
875 611 1050 656 coegit.
1101 610 1371 657 Pugnatum
1397 614 1470 646 est
1494 612 1658 646 eodem

101 672 222 696 anno
249 672 349 695 cum
369 658 622 694 Mahtfridoh
645 662 682 694 et
697 658 940 701 Lantberto⁸3
965 658 1011 692 in
1037 669 1127 702 quo
1151 657 1368 703 proelioi
1402 658 1660 703 perierunt

100 719 246 756 Uodok
295 724 444 753 comes
484 709 829 752 Aurelianensis
846 705 909 734 ¹·4
954 720 990 752 et
1025 716 1175 752 Theodo
1213 717 1324 752 abbas
1360 717 1475 752 saneti
1508 716 1660 751 Martini

100 770 374 812 Turonensis
401 780 438 812 et
462 777 522 811 alii
546 776 698 813 multi.

241 835 525 872 DOCCXXXV.
562 834 768 880 Imperator
785 840 890 869 cum
905 826 1012 868 filiis
1029 826 1224 882 Pippino
1246 828 1293 868 et
1309 825 1712 869 Hludowicom·51b.

101 886 391 919 conventum
425 883 644 928 generalem
677 882 868 918 habuitn
908 881 1032 926 apud
1056 881 1279 927 Lugdunum
1311 881 1561 926 dispositisque
1592 882 1659 916 ibi

101 932 296 966 illarum
337 930 548 975 partium
591 930 750 964 causis
792 929 838 964 ad
873 928 1082 973 Aquense
1118 928 1356 973 palatium
1392 939 1557 963 reversus
1594 931 1659 965 est.

100 978 327 1014 Nor-dmanni
352 977 638 1012 Dorestadumo·
650 977 664 996 ‘⁵
688 978 931 1012 vastaverunt.

241 1023 546 1061 DCCCXXXVI.
597 1023 803 1069 Imperator
827 1023 865 1057 in
889 1022 1077 1068 palatio
1101 1022 1422 1058 Thiodenhovel)
1454 1029 1713 1057 convexi-ib.

100 1076 196 1107 tum
230 1072 421 1116 habuit,
460 1071 515 1106 ad
549 1071 710 1116 quem⁷
743 1070 1018 1106 Hlothariusq
1055 1069 1179 1104 venire
1213 1081 1306 1104 non
1339 1069 1514 1114 potuit,
1549 1070 1661 1114 quia

101 1119 323 1164 graviter
366 1122 412 1154 et
452 1130 601 1163 usque
643 1118 698 1153 ad
739 1117 1137 1162 desperationem
1175 1117 1499 1163 aegrotavitr.
1560 1115 1660 1161 Quo

101 1189 125 1222 p
137 1189 156 1212 e
166 1189 185 1212 r
196 1189 215 1212 a
226 1189 245 1212 e
255 1180 272 1211 t
282 1189 302 1212 o
337 1177 534 1222 imperator
567 1176 844 1212 Franconofurd
853 1183 868 1203 ὃ
910 1188 932 1210 ν
943 1187 963 1211 e
974 1187 998 1209 n
1008 1175 1020 1209 i
1030 1178 1065 1219 t,
1099 1168 1207 1210 inde
1240 1168 1299 1209 ad
1331 1170 1512 1209 sanctos
1544 1168 1660 1209 Mar-

104 1228 320 1270 cellinum
357 1230 403 1270 et
434 1228 624 1270 Petrum
634 1224 654 1245 '¹‘
692 1230 739 1270 et
775 1227 883 1269 inde
922 1227 981 1269 ad
1012 1226 1322 1281 Ingilenheim
1358 1245 1377 1269 e
1387 1237 1404 1268 t
1437 1234 1484 1268 in
1495 1234 1518 1268 d
1529 1245 1549 1268 e
1582 1234 1628 1268 ad
1639 1235 1652 1260 t

102 1295 187 1339 Aqu
199 1305 217 1329 e
229 1306 252 1328 n
264 1306 279 1328 s
290 1306 309 1328 e
343 1306 367 1339 p
379 1294 421 1329 al
432 1305 453 1329 a
463 1297 479 1329 t
488 1294 500 1328 i
510 1306 534 1328 u
543 1306 581 1328 m
615 1305 654 1329 re
665 1293 689 1328 d
699 1294 711 1328 i
722 1293 734 1327 i
744 1296 770 1330 t.
819 1293 1047 1328 Nordmanni
1078 1285 1386 1340 Andwerpam
1426 1285 1661 1327 civitatem

102 1345 356 1386 incendunt
365 1378 374 1394 ,
423 1344 634 1386 similiter
680 1347 727 1386 et
763 1344 959 1386 witlam
971 1343 988 1368 8
1030 1344 1284 1398 emporium
1322 1344 1453 1384 iuxta.
1492 1343 1661 1384 ostium

102 1402 285 1444 Mosaeu
322 1403 535 1451 fluminis,
570 1405 616 1444 eia
648 1416 676 1444 a
707 1402 988 1444 Frisionibus
1018 1402 1249 1443 tributum
1280 1403 1568 1456 acceperunt.

243 1460 650 1502 DCCCXXXVII.
720 1460 959 1502 Tician
1003 1460 1052 1501 in
1093 1459 1236 1501 Italia,
1275 1459 1369 1501 III.
1411 1460 1517 1501 Kal.
1559 1459 1658 1501 Ian.

100 1519 413 1563 noctu.octies
443 1519 684 1561 tremuisse
715 1518 996 1574 perhibetur.
1059 1526 1233 1561 Plures
1271 1538 1326 1561 ex
1359 1526 1801 1571 primoribusnee.3o.

100 1573 324 1609 Italiaew
351 1573 511 1609 defuncti
537 1576 666 1618 sunt,
699 1574 830 1608 inter
855 1584 972 1617 quos
997 1573 1293 1618 praecipuix
1322 1573 1524 1609 fuerunt
1547 1573 1712 1610 Laut-ib.

256 1714 290 1759 *)
314 1714 382 1749 hoc
403 1717 463 1750 est
488 1714 699 1761 Saliginstat
731 1716 815 1752 add.
840 1727 886 1751 m.
911 1726 998 1752 saec.
1023 1716 1071 1749 X.
1097 1720 1160 1749 aut
1184 1715 1253 1749 XI.
1280 1717 1318 1749 in
1343 1717 1505 1759 margine
1529 1717 1602 1752 cod.
1628 1719 1661 1752 3.

100 1845 128 1874 a)
147 1844 203 1869 hee
222 1844 246 1871 3.
318 1844 348 1875 b)
368 1842 475 1870 iuditio
495 1844 520 1872 3.
584 1846 611 1875 e)
630 1845 704 1869 deest
723 1845 804 1871 codd.
871 1843 901 1876 d)
920 1844 1013 1877 penit.
1032 1844 1058 1872 3.
1123 1846 1150 1875 e)
1170 1847 1265 1870 estate
1285 1845 1310 1872 3.
1382 1845 1406 1876 f)
1425 1844 1616 1871 hludharium
1636 1846 1661 1873 3.

99 1881 128 1910 g)
147 1879 221 1904 deest
241 1880 266 1907 2.
348 1880 380 1910 h)
398 1878 567 1905 mantfredo
587 1882 611 1906 1.
631 1880 662 1912 23
691 1878 858 1905 maht-,frido
878 1881 903 1907 3.
985 1880 1006 1911 i)
1025 1879 1120 1912 prelio
1140 1881 1165 1907 1.
1246 1880 1278 1911 k)
1297 1878 1375 1905 fiodo
1395 1882 1420 1908 1.
1493 1881 1514 1912 Ι)
1533 1881 1661 1906 aurelia-

99 1915 174 1940 nenfi
194 1915 225 1947 23
246 1915 430 1940 aurilianenfi
449 1915 474 1942 3.
546 1917 586 1946 m)
606 1913 775 1940 hludawico
795 1915 821 1942 3.
892 1918 924 1945 n)
942 1916 1017 1940 deest
1037 1916 1060 1942 1.
1133 1917 1161 1946 ο)
1175 1913 1359 1941 dorestatum
1380 1917 1404 1943 1.
1423 1916 1448 1943 2.
1526 1918 1557 1948 p)
1577 1916 1660 1942 theo-

100 1948 238 1975 denhove
257 1951 282 1977 3.
363 1952 393 1982 q)
413 1950 581 1975 hlutharius
601 1950 626 1978 3.
708 1952 732 1981 r)
753 1951 902 1982 egrotavit
921 1951 946 1977 3.
1027 1952 1052 1981 s)
1072 1950 1103 1975 in
1122 1950 1330 1976 franconofurt
1349 1952 1380 1983 13
1409 1949 1448 1976 ad
1467 1951 1502 1978 fr.
1521 1952 1553 1983 23
1578 1952 1660 1977 fran-

100 1983 276 2010 conrardum
296 1986 320 2013 3.
403 1988 426 2017 t)
445 1986 519 2010 deest
538 1986 562 2013 3.
635 1987 665 2016 u)
685 1993 721 2013 m.
741 1985 820 2014 flum.
842 1989 897 2013 ost.
918 1987 946 2018 1;
974 1992 1055 2011 mose
1074 1986 1100 2013 3.
1175 1987 1205 2017 v)
1226 1986 1356 2012 ticenum
1375 1986 1400 2014 3.
1473 1988 1512 2018 w)
1531 1987 1614 2012 italie
1633 1987 1659 2015 3.

99 2023 130 2051 x)
150 2021 285 2052 precipui
307 2022 330 2048 1.

99 2138 134 2180 1)
167 2138 284 2172 Mense
319 2137 459 2172 Octobri
493 2131 598 2171 anni'
615 2139 698 2181 833,
738 2139 776 2171 in
812 2142 976 2172 conventu
1011 2138 1285 2182 compendiensi.
1323 2139 1363 2174 P.
1426 2139 1481 2181 Cf.
1519 2139 1659 2173 Simson

93 2196 129 2228 p.
157 2185 320 2225 63-76,·
354 2185 541 2219 Diimmler
560 2197 598 2229 p.
624 2185 779 2234 84—88,
810 2186 851 2219 de
875 2186 1099 2229 imperatrice
1122 2196 1157 2220 a.
1183 2187 1264 2222 833.
1294 2186 1485 2220 Tor-tonum
1508 2186 1659 2220 abducta

98 2231 134 2267 S.
156 2243 194 2275 p.
220 2233 278 2275 53,
306 2232 351 2267 D.
374 2244 411 2276 p.
436 2233 494 2268 83.
607 2233 643 2275 2)
667 2232 698 2267 Ι.
723 2243 750 2268 e.
776 2237 906 2266 aestate
929 2232 1038 2266 huius
1061 2243 1095 2266 a.
1121 2233 1202 2268 834.
1238 2233 1278 2266 P.
1328 2233 1409 2267 Non
1433 2238 1572 2276 aestate,
1599 2234 1659 2267 sed

98 2279 183 2312 Kal.
211 2280 321 2315 Mart.
348 2279 558 2313 Ludowicus
581 2280 620 2312 in
645 2284 809 2313 conventu
833 2280 882 2312 ad
907 2279 943 2315 S.
962 2280 1175 2322 Dionysium
1199 2280 1319 2314 habito
1345 2281 1537 2323 ‘cinquium
1561 2281 1658 2313 mili—

98 2327 198 2368 tare’,
226 2331 265 2359 ut
287 2328 358 2370 ipse
375 2327 423 2359 acl
440 2327 657 2359 Hilduinum
682 2327 815 2369 scribit,
845 2327 1079 2371 ‘resumpsit’,·
1103 2328 1149 2369 cf.
1168 2327 1308 2361 Simeon
1330 2339 1367 2372 p.
1385 2329 1442 2370 90,
1469 2328 1657 2361 Diimmler

94 2384 131 2416 p.
150 2374 206 2408 95.
257 2374 396 2407 Aestate
421 2373 545 2407 Iudith
570 2384 709 2407 reversa
733 2378 804 2414 est,·
830 2374 865 2409 S.
888 2385 925 2418 p.
946 2375 1122 2416 99—102,
1150 2375 1195 2407 D.
1217 2386 1256 2418 p.
1274 2375 1331 2410 96.
1429 2374 1465 2417 3)
1489 2375 1658 2408 Aurelia-

97 2421 198 2453 nensi
220 2425 251 2454 et
269 2421 497 2454 Namnetensi
519 2421 712 2463 comitibus,
740 2422 803 2464 qui
818 2422 972 2455 maxime
990 2422 1146 2455 omnium
1162 2421 1333 2454 Lotharii
1351 2422 1520 2465 partibus
1543 2422 1658 2455 simie-

98 2467 203 2507 bant;
228 2468 273 2509 cf.
291 2468 332 2501 de
344 2468 483 2511 proelio
500 2478 612 2502 mense
629 2467 736 2501 Iunio
753 2468 847 2509 facto
863 2468 1002 2502 Simeon
1015 2480 1053 2512 p.
1070 2469 1268 2511 102-105,
1288 2469 1475 2502 Dilmmler
1487 2480 1525 2512 p.
1543 2469 1588 2503 97
1606 2479 1656 2512 sq.

96 2515 132 2556 4)
158 2515 227 2555 Qui
251 2514 296 2547 ab
323 2515 532 2558 imperatore
559 2516 596 2548 in
619 2514 820 2556 Mahtfridi
845 2515 915 2549 loco
934 2516 1073 2559 positus
1096 2519 1184 2551 erat.
1293 2516 1330 2559 5)
1354 2515 1408 2557 Cf.
1439 2515 1543 2558 They.
1566 2527 1592 2551 c.
1611 2517 1657 2551 57

96 2565 127 2594 et
153 2562 247 2596 Anu.
266 2562 398 2602 Xant.,·
425 2562 462 2594 in
487 2562 583 2598 Ami.
601 2562 711 2604 Bert„
739 2563 802 2605 qui
821 2563 995 2606 placitum
1019 2562 1057 2595 in
1075 2560 1277 2596 Stremiaco
1302 2573 1415 2606 prope
1435 2561 1657 2606 Lugdunum

98 2607 257 2641 habitum
290 2619 360 2642 esse
393 2613 569 2651 narrant,
608 2609 681 2651 filii
712 2619 784 2642 non
816 2613 1142 2644 commemorantur.
1200 2609 1341 2651 Simeon
1371 2621 1409 2653 p.
1437 2611 1560 2645 139-
1574 2611 1654 2652 141,

96 2655 283 2689 Dammler
302 2667 341 2699 p.
361 2657 427 2690 111
446 2666 495 2699 sq.
581 2655 616 2698 6)
638 2655 753 2689 Hodie
776 2656 1123 2699 Wyk-te-Duerstede
1140 2657 1188 2689 ad
1205 2652 1377 2692 Rhenum.
1403 2656 1444 2692 P.
1530 2657 1565 2700 7)
1587 2657 1658 2690 Hic

97 2702 166 2736 duo
199 2707 382 2736 conventus
414 2703 693 2744 confunduntur,
730 2703 822 2736 alter
854 2714 966 2737 mense
990 2704 1090 2737 Maio
1118 2703 1418 2737 Thiodonisviliae
1451 2703 1594 2737 habitus
1626 2708 1658 2737 et

97 2749 189 2783 alter
206 2750 399 2793 Septembri
418 2750 642 2791 Wormatiae,
671 2749 731 2781 ubi
746 2749 964 2784 Hloiharius
986 2751 1129 2791 frustra
1145 2750 1430 2794 exspectabatum
1454 2751 1499 2792 cf.
1518 2750 1657 2784 Simeon

95 2807 130 2840 p.
150 2797 348 2839 153—156‚
384 2797 571 2830 Diimmler
591 2808 628 2840 p.
649 2797 717 2831 118
742 2807 791 2839 sq.
904 2797 940 2840 8)
965 2797 1052 2830 Cum
1077 2797 1179 2831 Mosa
1201 2807 1310 2841 prope
1335 2797 1438 2831 Briel
1460 2799 1656 2842 emporium

96 2854 194 2876 mare
227 2844 372 2886 influat,
406 2844 551 2876 Witlam
588 2843 642 2876 vel
676 2843 716 2875 in
754 2844 829 2887 ipso
864 2844 936 2877 loco
969 2845 1021 2877 vel
1053 2845 1092 2876 in
1125 2845 1200 2878 eius
1232 2845 1373 2887 reqione
1405 2845 1512 2878 sitam
1545 2845 1656 2886 fuisse

97 2895 245 2934 apparet
253 2903 266 2930 ,·
298 2891 367 2923 alii
393 2901 582 2934 perperam
614 2889 871 2933 Wilteburyum
906 2892 944 2923 in
971 2892 1158 2935 provincia
1188 2891 1422 2925 Ultraiectina
1453 2902 1523 2926 esse
1547 2896 1655 2936 puta-

97 2942 229 2972 verunt.
256 2937 318 2977 P.,·
347 2938 391 2979 cf.
418 2938 557 2972 Simson
578 2949 615 2981 p.
635 2938 715 2979 159,
743 2937 930 2972 Dilmmler
951 2950 987 2982 p.
1007 2939 1086 2973 122.
