2020 3358
315 297 384 332 114
770 293 1050 331 mmmm
1073 294 1405 332 mmmmm
1997 278 2008 328 ,ἱ

454 413 724 457 Gotafridus
762 427 841 457 rex
880 417 1131 465 accusatae,
1171 417 1226 456 ut
1263 415 1313 456 in
1351 429 1545 470 regnum
1584 415 1863 459 Francorum

198 487 416 522 (Ma1.).cum
445 473 754 516 Nordmannis
791 473 1062 524 consuleret,
1104 473 1162 515 ab
1199 474 1309 528 ipsis
1335 469 1494 516 'etiam
1524 475 1864 518 accusatoribus
1877 491 1993 524 ’,μοι

311 532 485 574 occisus
507 534 590 574 est.
650 531 790 587 Hugo
811 531 934 574 filius
953 531 1190 573 Hlotharii
1219 532 1405 574 incaute
1435 532 1484 573 in
1504 545 1646 587 regno
1677 533 1864 588 impera·

310 591 422 633 toris
454 603 594 646 agens
625 590 862 632 oculorum
891 589 995 632 luce
1026 589 1213 631 orbatus
1244 591 1327 632 est.

451 649 547 691 Pax
584 649 634 690 in
666 647 854 691 Oriente
892 647 1015 689 inter
1053 647 1247 689 Arnolfo
1287 650 1334 690 et
1374 647 1699 699 Zwentibaldo,
1740 663 1864 705 prae-
1892 667 1896 672 -

311 707 516 750 sentibus
548 707 723 749 scilicet
755 706 1110 748 Baiowariorum
1140 705 1434 761 principibus,
1467 707 1731 750 iusiurando
1763 722 1864 750 con-

310 768 431 809 stare
462 766 682 807 firmatur.

1009 841 1137 888 Ι*886.
1878 865 1923 896 ⁸1³.

452 916 871 959 DCCCLXXXVI.
932 915 1150 958 Natalem
1186 915 1373 958 Domini
1412 917 1659 972 imperator
1696 917 1863 960 Radas-

310 976 430 1018 bona
452 975 713 1018 celebravit.
775 973 892 1017 Inde
912 975 1134 1017 invitatus
1156 974 1212 1016 ab
1235 975 1485 1030 apostolico
1507 975 1695 1018 Italiam
1713 977 1862 1031 petiit,

309 1034 625 1076 Liutwardum
645 1033 907 1089 episcopum
920 1033 1114 1075 Romam
1133 1033 1272 1074 misit.
1315 1033 1391 1075 Ibi
1410 1033 1693 1076 multimodis
1712 1034 1861 1085 rebus,

309 1094 445 1147 prout
485 1091 766 1146 conplacuit,
811 1091 1042 1146 dispositis
1080 1091 1203 1133 inter
1242 1090 1334 1133 alia
1373 1105 1575 1134 summus
1614 1093 1797 1148 praesul
1836 1106 1864 1135 a

308 1163 415 1205 rege
436 1151 745 1205 interrogatus
766 1149 980 1200 decrevit,
1013 1151 1068 1190 ut
1091 1149 1326 1204 episcopis,
1359 1163 1552 1204 quorum
1575 1150 1864 1205 parrochias¹

310 1210 366 1252 de
386 1208 611 1251 incendiis
632 1208 876 1263 gentilium
895 1210 1074 1250 vastate
1095 1207 1279 1263 penitus
1301 1210 1534 1263 apparent,
1568 1208 1681 1251 alias
1707 1209 1864 1252 sedes1

157 1283 295 1310 Mart.20.
310 1268 373 1309 eis
412 1281 506 1309 non
537 1269 812 1322 occupataea
850 1267 1221 1309 concederentur.
1282 1266 1371 1309 Die
1411 1269 1568 1309 sancto
1608 1267 1864 1322 palmarum

309 1326 472 1369 seditio
492 1325 605 1367 urbe
626 1325 770 1381 Papia
795 1326 917 1368 inter
937 1324 1161 1367 satellites
1190 1325 1310 1379 regis
1342 1327 1390 1367 et
1422 1325 1595 1367 civibus
1615 1325 1864 1368 infeliciter

309 1387 422 1426 orta.
483 1384 604 1426 Nam
635 1397 690 1426 ex
719 1397 814 1426 una
844 1386 973 1439 parte
1000 1383 1158 1425 multis
1180 1383 1339 1426 occisis
1361 1397 1416 1425 ex
1436 1383 1528 1426 alia
1549 1385 1717 1426 civium
1736 1385 1863 1427 urbis

307 1443 443 1484 multi
479 1443 710 1485 vulnerati
750 1444 936 1497 propter
974 1442 1252 1486 affinitatem
1291 1443 1591 1497 imperatoris,
1633 1443 1712 1498 qui
1749 1445 1862 1485 tunc

156 1517 295 1545 Mart.27.
308 1502 367 1544 ad
389 1504 565 1544 curtem
586 1500 842 1543 Olonnam²
872 1502 1043 1556 pascha
1073 1501 1253 1552 mansit,
1286 1501 1451 1543 timore
1482 1501 1531 1542 in
1554 1501 1715 1556 fugam
1745 1501 1864 1557 lapsi

307 1561 356 1602 in
386 1561 461 1602 via
490 1560 633 1602 vitam
664 1560 863 1601 finivere.

448 1619 559 1660 Post
588 1619 759 1673 pascha
789 1617 948 1659 habito
979 1618 1183 1671 generali
1203 1618 1347 1672 Papia
1368 1620 1595 1660 conventu
1615 1619 1863 1673 imperator

307 1690 388 1732 per
419 1677 736 1731 Burgundiam
766 1676 948 1719 obviam
971 1676 1292 1718 Nordmannos
1323 1676 1372 1717 in
1395 1675 1607 1727 Galliam,
1640 1677 1720 1730 qui
1749 1679 1862 1719 tunc

143 1751 230 1784 (Aug.
241 1751 294 1782 28).
308 1735 504 1778 Parisios
535 1737 679 1785 erant,
711 1748 855 1790 usque
886 1735 1094 1790 pervenit
1107 1734 1136 1775 3.
1199 1734 1358 1777 Occiso
1389 1734 1454 1776 ibi
1484 1734 1719 1777 Heimrico
1749 1748 1861 1777 mar-

309 1794 465 1836 chensi
497 1793 788 1845 Francorum,
826 1794 905 1848 qui
934 1793 984 1834 in
1012 1793 1061 1834 id
1091 1795 1272 1848 tempus
1301 1793 1558 1835 Niustriam
1586 1794 1751 1844 tenuit,
1783 1806 1863 1836 rex

308 1866 469 1908 parum
500 1865 711 1907 prospere
743 1852 857 1894 actis
886 1851 1023 1894 rebus
1053 1852 1300 1894 revertitur
1329 1852 1379 1893 in
1409 1866 1504 1893 sua.

449 1911 691 1953 Discordia
711 1911 833 1952 inter
853 1910 1182 1964 Perangarium
1213 1912 1459 1964 cognatum
1484 1910 1617 1964 regis,
1646 1911 1724 1964 qui
1745 1910 1862 1952 Foro

308 1970 509 2012 Iuliense
539 1969 721 2020 fruitur,
764 1971 811 2011 et
841 1969 1156 2010 Liutwardum
1187 1969 1478 2024 episcopum4
1508 1969 1666 2010 oritur.
1727 1969 1861 2024 Prop-

306 2031 433 2071 terea
473 2028 776 2082 Perangarius
820 2028 1009 2069 mittens
1043 2027 1350 2069 Vercellinam
1395 2027 1555 2069 urbem
1601 2023 1855 2082 expoliareb

307 2087 461 2141 ibique
483 2087 670 2129 veniens
700 2086 859 2128 multis
889 2085 1025 2128 rebus
1057 2086 1256 2141 episcopi
1288 2085 1501 2141 abreptis,
1533 2088 1671 2141 prout
1700 2086 1860 2136 voluit,

307 2158 512 2187 reversus
544 2147 626 2187 est.

449 2204 669 2258 Tempore
701 2203 911 2245 autumni
940 2203 1044 2258 plus
1076 2202 1262 2244 solitum
1291 2203 1614 2244 inundationes
1643 2216 1862 2257 aquarum

309 2259 606 2304 excreverunt
636 2262 911 2304 inestimate.
972 2260 1093 2302 Nam
1123 2261 1171 2302 in
1194 2260 1381 2303 Oriente
1409 2260 1751 2315 erumpentibus
1782 2274 1862 2316 per

308 2321 419 2362 litus
450 2320 666 2362 fluctibus
697 2320 834 2362 villae
873 2320 1109 2374 inopinate
1142 2319 1419 2361 circumdate
1451 2319 1603 2360 subito
1632 2319 1858 2369 feruntur,

308 2380 374 2421 ita
410 2381 464 2421 ut
502 2393 605 2421 cum
638 2378 1005 2421 inhabitantibus
1035 2378 1155 2427 viris,
1196 2377 1393 2427 feminis,
1435 2378 1678 2419 infantulis
1717 2391 1860 2432 usque

309 2517 338 2550 a)
357 2517 509 2549 occupatis
529 2523 604 2544 corr.
623 2518 787 2549 occupatae
805 2515 831 2544 3.
902 2515 933 2549 b)
952 2515 1118 2547 expolitare
1138 2515 1164 2542 3.

312 2635 345 2675 1)
367 2634 596 2668 Aceusativus
615 2644 685 2678 pro
708 2634 923 2667 nominativo
942 2633 1103 2677 positus,-
1135 2633 1181 2674 cf.
1206 2643 1240 2666 a.
1265 2632 1358 2667 884:
1388 2630 1553 2666 homines
1578 2657 1588 2667 .
1614 2658 1623 2667 .
1650 2657 1659 2667 .
1684 2630 1860 2675 quosdam

311 2708 318 2715 .
345 2706 354 2715 .
381 2707 390 2715 .
415 2679 550 2714 reversi
574 2682 658 2714 sunt
681 2685 713 2714 et
736 2681 851 2723 infra.
946 2679 983 2722 2)
1004 2680 1109 2713 Vicus
1131 2679 1180 2712 ad
1205 2679 1408 2712 occidentem
1432 2678 1639 2714 Mediolani.
1667 2678 1708 2713 P.
1758 2679 1861 2712 Nunc

311 2727 411 2761 Corte
437 2727 570 2767 olorum
602 2728 649 2770 cf.
674 2728 861 2762 demler
884 2726 958 2770 III,
980 2738 1017 2770 p.
1043 2727 1125 2762 249.
1236 2726 1272 2768 3)
1295 2725 1497 2769 Imperator
1515 2735 1583 2769 per
1607 2725 1860 2767 Buryundiam

309 2775 348 2807 in
373 2774 631 2807 Alamannieum
662 2785 822 2808 reversus
852 2784 965 2807 mense
995 2773 1102 2807 Iunio
1134 2773 1174 2806 in
1203 2773 1330 2806 diocesi
1356 2772 1657 2814 Straesburqensi,
1692 2772 1789 2805 Iulio
1819 2773 1859 2805 in

308 2821 393 2854 urbe
418 2821 588 2863 Mettensi,
621 2822 783 2864 Augusto
811 2821 989 2854 Attiniaoi
1016 2825 1048 2853 et
1072 2820 1221 2854 Silviaci
1243 2819 1433 2862 (Servais),
1465 2818 1660 2862 Septembri
1683 2818 1862 2852 carisiaci

308 2872 469 2901 moratus
500 2872 571 2907 απ,-
607 2868 745 2902 Octobri
777 2868 917 2902 tandem
941 2867 1105 2901 Parisios
1133 2867 1302 2910 pervenit,
1335 2875 1403 2909 quo
1425 2865 1634 2898 Heinricum
1659 2866 1858 2908 praemisit.

310 2914 366 2956 Cf.
390 2925 503 2958 supra
523 2919 664 2958 partem
689 2915 762 2950 III.
829 2941 834 2944 .
857 2915 895 2958 4)
919 2914 1029 2948 Cuius
1051 2923 1157 2957 nepos
1179 2917 1311 2957 neptem
1336 2913 1551 2955 Berenqarii
1572 2916 1755 2955 rapuerat.
