2020 3358
487 302 727 339 AUCTORE
751 301 1033 339 EIN'HARDO.
1082 302 1130 340 A.
1149 304 1346 340 752-763.
1680 305 1701 339 7

139 422 367 465 superatum
408 422 453 454 et
496 418 632 464 Papiae
672 419 870 454 inclusum
917 419 1068 455 obsides
1115 419 1220 454 dare
1262 422 1307 454 et
1347 430 1404 455 res
1445 420 1560 455 saneti
1601 419 1703 455 Petri

139 467 327 503 reddere
356 469 582 501 sacramento
608 465 858 511 constringit
870 472 907 503 ².
1050 465 1283 511 Stephanus²
1306 477 1402 512 papa
1426 466 1545 502 duce
1570 466 1701 502 Hiero·
1715 471 1926 504 Chr.L.11,19.

140 514 248 549 nimo
272 513 394 548 fratre
419 512 621 558 Pippini
644 512 802 549 Romam
824 513 1032 549 revertitur.
1715 518 1864 550 metaph.

280 559 457 597 DOOLV.
492 559 698 595 Haistnlfus
720 562 1024 595 sacramenta
1045 560 1281 595 mentitus
1304 559 1517 595 collecto
1540 553 1868 595 exercitum-Mem)

139 606 303 642 Romam
339 607 650 652 inpugnando
687 606 927 652 circumdat,
965 607 1087 642 omnia
1119 609 1223 642 extra
1255 606 1385 642 urbem
1417 606 1515 641 ferro
1549 609 1586 642 et
1618 606 1701 652 igne
1715 588 1863 621 {stopa

139 654 342 691 devastans.
389 653 559 689 Cuins’
590 653 662 689 rei
695 652 958 689 nunciumb
998 653 1164 699 pontifex
1186 654 1338 689 mai-ino
1371 653 1535 688 itinere
1569 653 1702 688 missis

139 701 319 748 legatis
366 699 578 746 Pippino
624 700 862 745 insinuat,
912 700 1184 746 deprecans
1231 703 1278 736 et
1323 700 1598 745 obtestans,
1647 711 1702 735 ne

139 751 387 794 coeptumc
419 759 555 793 opus,
580 747 699 793 quod
722 751 891 783 sancto
915 747 1028 784 Petro
1051 747 1368 794 promiserat,
1393 746 1703 793 inperfectum

139 796 265 832 relin
308 797 457 832 ueret.

275 807 478 878 ti)('1(31.aVI.
534 841 699 877 Iterum⁸
723 840 901 887 Pippinus
935 841 1082 877 Italiam
1116 841 1400 888 ingreditur
1412 840 1447 886 d,
1478 840 1927 878 Haistulfumchr.1..11,2o.

139 890 301 936 Papiaess
323 889 503 924 inclusum
520 888 698 934 obsidet,
722 888 938 924 Ravennam
956 900 1040 924 cum
1057 888 1252 934 Pentapoli
1275 888 1455 924 reddere
1477 888 1704 933 conpellit
1716 892 1864 926 V.Steph.

141 940 187 973 et
209 948 295 982 per
317 935 523 971 Folratum
547 936 742 971 missum
767 947 899 971 suum
923 938 1051 971 sancto
1069 935 1181 971 Petro
1206 936 1370 981 apostolo
1396 938 1433 971 et
1457 934 1702 981 Stephano

139 983 283 1030 papaef
311 983 446 1018 vicario
472 983 548 1018 eius
572 982 723 1018 tradidit
735 989 773 1019 g,

281 1029 498 1067 DOOLVII.
546 1029 773 1066 nantulfus*
805 1029 844 1065 in
868 1030 1062 1065 venatione
1092 1029 1250 1074 quadam
1282 1040 1376 1074 equo
1403 1030 1525 1074 lapsus
1549 1040 1703 1075 regnum
1716 1009 1927 1078 &fiiff‘fifffl'

141 1089 224 1114 cum
249 1078 324 1114 vita
346 1077 516 1123 perdidit.
637 1076 895 1112 Constantinus
919 1077 1120 1122 imperator
1140 1075 1330 1123 Pippinoh
1360 1077 1439 1123 regi
1462 1076 1558 1112 inter
1582 1078 1704 1112 cetera
1717 1080 1838 1109 A.Sith,

141 1136 294 1160 munera
318 1125 428 1160 etiam
453 1136 631 1170 organum
655 1124 779 1161 mittit.

282 1170 519 1208 DCCLVIH.
557 1170 760 1216 Pippinush
782 1170 1016 1206 Saxonibus
1033 1171 1219 1216 superatis
1235 1170 1414 1205 tributum
1438 1170 1486 1205 in
1494 1168 1703 1215 posuiffl,
1716 1173 1929 1207 Chr.L.11,22.

142 1222 192 1254 ut
215 1221 397 1254 trecentos
422 1229 534 1263 equos
558 1218 768 1264 singulis
792 1218 932 1253 annis
956 1218 1052 1253 sibi
1076 1218 1340 1254 solverent.

283 1275 541 1313 DOCLVIJJI.
595 1276 681 1311 Wai
689 1288 714 1322 p
724 1276 749 1311 h
759 1276 813 1311 ari
822 1288 846 1311 ιι
856 1288 872 1311 s
886 1275 925 1303 k·
936 1276 950 1297 ⁵
986 1276 1037 1311 du
1045 1289 1070 1311 x
1106 1276 1153 1311 in
1189 1275 1388 1321 Aquitania
1422 1267 1703 1310 tirannidem
1717 1279 1756 1308 ib.
1766 1280 1809 1307 23.

143 1341 356 1370 exercens
386 1340 619 1382 pressuras
659 1335 892 1371 ecclesiarum
904 1334 915 1362 ¹
957 1327 1045 1369 Dei
1075 1329 1228 1369 movet
1238 1330 1283 1377 ¹¹¹,
1325 1326 1702 1382 depraedationes

142 1385 187 1417 et
218 1382 427 1417 iniustitias
443 1389 463 1408 ¹¹
493 1382 670 1417 multas
695 1382 810 1418 facit.

282 1428 458 1465 DGCLX.
514 1428 691 1474 Pippinus
717 1428 962 1473 Waipharii
973 1427 996 1454 k
1024 1427 1134 1463 ducis
1167 1427 1416 1463 stultitia⁰
1455 1439 1480 1473 p
1491 1438 1585 1462 erm
1596 1429 1703 1462 otus
1717 1432 1808 1460 ib.23.

140 1475 285 1510 ducto
319 1475 358 1510 in
381 1475 629 1520 Aquitaniam
663 1475 879 1510 exercitu
894 1482 914 1508 Ι)
952 1475 1106 1510 iustitias
1120 1481 1141 1508 ‘1
1174 1473 1431 1510 ecclesiaruml
1465 1474 1498 1509 D
1509 1474 1551 1509 ei
1583 1473 1703 1509 facere

140 1525 380 1557 rennuentem
391 1529 407 1548 r
429 1534 449 1556 r
455 1533 475 1558 e
481 1534 500 1556 r
508 1534 533 1557 u
539 1534 576 1557 m
600 1522 733 1558 iniuste
756 1523 803 1557 ab
810 1522 823 1557 l
829 1533 851 1556 a
858 1524 874 1557 t
881 1533 903 1557 a
910 1534 929 1557 r
935 1533 960 1557 ιι
967 1533 1005 1556 ιιι
1029 1522 1298 1557 restitutionem
1319 1521 1534 1567 promittere
1558 1532 1574 1556 s
1582 1532 1629 1557 ac
1636 1533 1655 1556 r
1662 1532 1683 1556 a
1690 1541 1703 1547 -

140 1581 178 1604 m
188 1580 208 1605 e
217 1581 242 1604 n
252 1572 269 1604 t
277 1580 299 1604 o
326 1569 456 1614 coegit.

282 1627 479 1664 DCGLXI.
527 1627 600 1663 Wa
608 1627 645 1673 ip
654 1627 680 1662 h
688 1639 729 1662 ar
737 1627 751 1662 i
760 1639 785 1662 ιι
794 1639 811 1662 s
821 1627 859 1654 k·
871 1627 886 1647 ⁶
915 1627 961 1663 iu
970 1639 990 1662 r
1000 1638 1022 1663 a
1030 1629 1155 1663 menta
1178 1627 1352 1663 mentitus
1382 1619 1578 1675 Pippino
1613 1632 1703 1661 mo-
1718 1633 1757 1660 ib.
1767 1633 1810 1660 24.

142 1679 285 1721 lesbus
307 1678 520 1728 efficitur,
542 1678 665 1721 ferro
686 1681 734 1721 e⁴b
754 1679 852 1733 igni
861 1681 877 1702 ⁸
901 1681 1070 1721 cuneta
1089 1686 1265 1722 vastando
1283 1686 1418 1722 Cavilli
1427 1697 1535 1721 onem
1545 1686 1559 1713 t
1590 1697 1704 1730 usque

140 1745 306 1790 pervenit
335 1737 389 1778 Pi
453 1738 672 1792 inumque
687 1737 701 1762 ⁷
741 1736 828 1779 sibi
841 1741 862 1761 ¹¹
907 1750 1013 1779 cum
1049 1738 1142 1780 suis
1173 1750 1410 1780 occurrere
1442 1736 1726 1792 conpulit‘.

281 1791 376 1827 DCC
391 1839 398 1846 ι
492 1821 500 1828 .
547 1791 725 1847 Pippinus
751 1803 835 1828 cum
861 1791 1008 1828 Carlow
1032 1791 1108 1827 filio
1133 1792 1356 1847 Burbonem,
1383 1791 1582 1846 Cantelam‚
1606 1791 1704 1826 Clar·
1717 1786 1810 1854 ἒξὲξΐ·

141 1842 303 1874 montem
335 1840 558 1884 aliasque
583 1842 746 1875 civitates
771 1842 808 1875 et
832 1840 981 1875 castella
1004 1839 1202 1886 pugnando
1228 1842 1344 1885 cap1t3
1378 1839 1553 1884 ahisque
1579 1850 1704 1884 quam·
1717 1857 1777 1884 762.

141 1886 312 1931 plurimis
338 1887 414 1922 eius
439 1886 640 1922 dominatui
647 1894 668 1913 ¹
697 1887 778 1922 subi
787 1898 806 1922 e
817 1889 854 1922 ct
863 1887 876 1922 i
885 1899 902 1922 s
927 1898 948 1923 e
957 1889 974 1922 t
982 1887 996 1921 i
1005 1898 1026 1922 a
1036 1898 1074 1921 m
1098 1886 1308 1922 Beturicam
1322 1893 1344 1921 y
1374 1888 1570 1932 expugnat.

282 1944 520 1982 DCOLXIII.
569 1945 708 1980 Tassilo
732 1951 874 1993 nepos
896 1938 1081 1993 Pippini
1090 1941 1106 1960 Ζ
1139 1945 1185 1981 de
1209 1945 1373 1981 exercitu
1387 1952 1407 1979 Ρ
1437 1945 1533 1990 regis
1558 1956 1596 1980 se
1620 1944 1704 1980 sub·
1717 1950 1755 1978 ib.
1767 1950 1809 1978 25.

142 1992 277 2028 ducens
302 1992 358 2027 ad
382 1992 582 2028 Baioarios
606 2004 653 2028 se
665 1992 822 2029 cessit.

143 2101 172 2129 a)
191 2098 354 2131 contingit
371 2099 397 2126 3.
452 2099 483 2130 b)
501 2099 640 2124 nuntium
658 2099 691 2131 2;
711 2099 832 2125 nucium
851 2100 876 2126 3.
931 2101 959 2130 c)
978 2099 1131 2132 inceptum
1149 2099 1175 2126 8.
1229 2097 1260 2130 d)
1280 2099 1431 2131 ingressus
1449 2099 1475 2126 3.
1530 2100 1558 2129 e)
1577 2098 1665 2131 papie
1678 2098 1704 2125 8.

142 2134 166 2166 s)
184 2141 261 2166 pape
279 2134 304 2161 3.
385 2135 415 2166 g)
435 2133 527 2160 tradit
545 2135 571 2162 3.
651 2134 683 2167 h)
702 2135 797 2167 pipin.
817 2135 843 2162 3.
927 2134 950 2168 i)
968 2135 1038 2167 imp.
1058 2137 1083 2162 1.
1166 2134 1199 2165 k)
1217 2134 1352 2166 waphar.
1370 2135 1396 2162 8.
1483 2134 1505 2167 1)
1523 2134 1615 2162 aeccl.
1635 2135 1659 2161 1.
1678 2134 1703 2160 2.

142 2171 183 2200 m)
201 2169 294 2194 movit
312 2169 338 2196 2.
422 2171 454 2200 n)
472 2170 639 2196 iniusticiae
658 2170 684 2197 2.
765 2172 794 2202 o)
813 2170 947 2196 stulticia
967 2171 991 2197 1.
1009 2170 1035 2198 2.
1120 2171 1151 2201 p)
1171 2170 1302 2196 exertitu
1320 2170 1347 2197 3.
1430 2170 1461 2202 q)
1479 2169 1613 2195 iusticias
1635 2170 1660 2196 1.
1678 2169 1703 2196 2.

143 2204 169 2237 r)
189 2208 363 2230 renuentem
384 2206 409 2233 1.
427 2205 453 2232 2.
551 2206 577 2236 s)
602 2205 671 2237 igne
691 2206 716 2233 1.
735 2205 778 2235 2..
861 2207 884 2236 t)
908 2205 1098 2231 cabillionem
1116 2206 1142 2233 2.
1237 2207 1268 2236 u)
1293 2205 1369 2230 deest
1387 2206 1412 2232 l.
1507 2206 1538 2235 v)
1563 2212 1658 2236 comp.
1679 2205 1702 2231 1.

143 2242 182 2270 w)
201 2239 304 2266 karolo
325 2242 349 2268 1.
369 2241 394 2268 2.
467 2240 498 2274 x)
517 2239 695 2266 dominatiui
715 2241 741 2268 3.
813 2242 845 2274 y)
863 2241 1045 2267 betrui-icam
1066 2242 1091 2268 1.
1163 2242 1190 2272 z)
1210 2241 1307 2273 pipini
1327 2241 1352 2268 1.

146 2322 179 2365 1)
211 2320 417 2366 Stephanus
450 2333 545 2367 papa
569 2321 727 2357 Romam
758 2322 954 2357 revertitur
985 2323 1081 2358 Ann.
1106 2322 1212 2366 sith„
1250 2322 1335 2358 Chr.
1361 2322 1495 2363 Laur.,·
1529 2320 1702 2366 dirigens-

144 2379 214 2412 que
240 2379 323 2403 cum
348 2380 392 2404 eo
417 2397 426 2405 .
445 2397 454 2405 .
474 2397 481 2406 .
506 2380 572 2404 rex
597 2397 606 2406 .
625 2397 634 2406 .
652 2398 661 2406 .
686 2369 837 2405 fratrem
861 2381 967 2404 suum
992 2369 1249 2405 Hieronimum
1281 2370 1363 2403 Vita
1387 2369 1562 2414 Stephani
1592 2380 1620 2404 c.
1646 2371 1703 2405 39.

144 2415 181 2458 2)
203 2415 367 2459 pontifex
398 2427 464 2461 per
487 2416 668 2451 marinum
698 2417 768 2452 iter
793 2428 876 2452 suos
901 2416 1072 2452 ordinans
1097 2419 1134 2452 et
1159 2416 1206 2451 ad
1230 2427 1314 2451 eum
1338 2416 1377 2451 in
1400 2415 1593 2450 Franciam
1619 2415 1703 2450 diri-

145 2471 234 2505 gens
261 2462 387 2496 missos
413 2490 422 2499 .
448 2490 457 2499 .
483 2491 492 2499 .
526 2463 695 2498 adiurans
724 2475 808 2498 eum
834 2491 843 2501 .
870 2492 878 2501 .
905 2491 914 2500 .
941 2466 1083 2506 cuncta,
1117 2475 1210 2508 quae
1243 2464 1351 2499 beato
1378 2461 1489 2498 Petro
1522 2462 1703 2508 pollicitus

146 2511 211 2550 est,
236 2507 504 2553 adimplendum
534 2511 616 2545 Vita
640 2511 815 2556 Stephani
835 2522 864 2547 e.
887 2513 946 2547 42.
1073 2512 1109 2555 3)
1140 2510 1281 2545 Iterum
1305 2509 1509 2544 Haistulfus
1535 2537 1544 2546 .
1571 2537 1579 2546 .
1606 2537 1614 2544 .
1641 2509 1703 2544 ob-

145 2565 262 2589 sessus
286 2558 342 2590 est
365 2556 460 2592 Anu.
486 2557 598 2598 sah„-
622 2556 728 2603 Pipp.
754 2558 793 2592 in
816 2557 865 2594 It.
890 2557 1098 2603 proficiscit,
1122 2557 1348 2593 Heistulfum
1373 2555 1416 2593 P.
1440 2557 1464 2592 i.
1490 2556 1631 2591 obsedit
1656 2558 1703 2600 et,

146 2605 187 2636 ut
210 2613 268 2636 res
292 2602 408 2637 sancti
432 2602 533 2638 Petri
556 2603 736 2648 redderet,
769 2607 996 2640 sacramento
1022 2603 1364 2650 constiinginRav.
1390 2614 1420 2639 c.
1445 2602 1552 2640 Pent.
1578 2606 1703 2638 sancto

145 2647 256 2702 Petro
280 2649 431 2684 tradidit
457 2651 542 2686 Chr.
563 2651 606 2687 L.
632 2652 683 2695 II,
708 2654 773 2696 203
798 2651 977 2687 Fulradus
1001 2651 1216 2687 venerabilis
1241 2651 1352 2686 abbas
1377 2651 1540 2696 apostolo
1566 2653 1603 2686 et
1627 2650 1703 2685 eius

144 2706 279 2730 vicano
304 2696 528 2732 sanctissimo
552 2709 668 2743 papae
694 2726 703 2735 .
729 2727 738 2735 .
764 2725 773 2735 .
798 2699 949 2734 tradidit
979 2701 1062 2734 Vita
1085 2699 1260 2744 Stephani
1291 2710 1319 2735 c.
1343 2700 1402 2734 47.
1521 2699 1558 2742 4)
1583 2697 1702 2734 Haist.

145 2762 190 2768 —
215 2753 309 2786 equo
342 2755 386 2778 ex
410 2746 505 2780 Ann.
531 2745 643 2786 Sith.,·
675 2744 879 2780 Heistnlfus
908 2746 946 2780 in
977 2757 1058 2782 ven.
1084 2757 1178 2790 equo
1209 2765 1255 2771 —
1285 2744 1445 2791 perdidit
1478 2745 1563 2781 Chr.
1588 2746 1703 2781 Laur.

145 2790 181 2833 5)
203 2790 310 2834 Haec,
338 2793 488 2825 ‘tantum
512 2803 556 2825 ne
578 2803 757 2826 annorum
780 2795 888 2827 series
910 2794 1160 2838 rumperetur’,
1186 2804 1230 2827 em
1253 2803 1301 2837 eo,
1328 2794 1391 2837 qui
1412 2794 1582 2837 sequitur,
1608 2802 1704 2826 anno

144 2838 341 2882 anticipata
371 2850 442 2873 esse
466 2839 571 2873 Pertz
603 2840 687 2882 (SS.
713 2840 744 2883 I,
771 2852 809 2884 p.
834 2841 922 2882 338)
955 2845 1044 2875 recte
1067 2841 1166 2876 vidit.
1286 2840 1322 2883 6)
1345 2839 1527 2875 Weiferus
1551 2849 1701 2875 sacram.

144 2886 256 2920 ment.
280 2887 370 2921 vast.
395 2887 432 2920 et
456 2885 711 2931 depopulando
737 2897 850 2930 usque
876 2886 960 2922 Oav.
985 2898 1085 2932 perv.
1121 2887 1206 2923 Chr.
1231 2887 1346 2923 Laur.
1467 2887 1502 2930 7)
1525 2885 1630 2931 Pipp.
1659 2905 1700 2911 -—

146 2931 307 2976 conpulit
330 2943 374 2967 esc
397 2933 635 2977 duplicatione
658 2934 840 2968 verborum
864 2936 1078 2978 sequentium
1103 2939 1194 2970 orta.
