2020 3358
518 311 716 348 CONTIN.
741 310 1008 348 RATISBON.
1057 311 1106 349 A.
1129 314 1212 349 884.
1235 314 1317 350 885.
1625 315 1694 350 113

140 437 319 477 servata
348 433 587 475 Pannonia
618 434 883 473 conservata
914 433 996 481 est,
1032 445 1122 485 qua
1152 445 1258 473 vero
1288 433 1457 474 viciata
1487 446 1568 488 per
1598 447 1692 488 spa-

138 494 256 534 tium
285 494 470 534 tantum
500 491 589 532 isto
622 490 927 532 continuatim
947 490 1086 531 tertio
1108 503 1228 531 anno
1252 490 1440 532 dimidio
1456 491 1470 515 1
1500 492 1693 533 instanti

138 551 377 593 Pannonia
413 550 469 591 de
501 548 660 590 Hraba
696 548 885 590 flumine
926 549 984 590 ad
1015 548 1240 590 orientem
1277 550 1379 590 tota
1419 549 1572 591 deleta
1610 553 1692 592 est.

140 609 266 652 Servi
307 611 353 651 et
393 607 588 650 ancillae
629 621 733 649 cum
772 606 973 661 parvulis
1014 607 1106 648 suis
1148 607 1406 661 consumpti
1447 610 1567 657 sunt,
1610 609 1693 662 pri-

138 667 339 710 moribus
370 666 643 721 quibusdam
673 666 828 716 tentis,
864 665 1138 719 quibusdam
1169 666 1327 707 occisis
1359 668 1418 716 et,
1452 666 1574 720 quod
1603 669 1693 707 tur-

138 727 237 781 pior
276 727 393 776 erat,
434 725 660 766 truncatis
700 737 858 774 manu,
901 724 1087 778 ling-wa,
1129 723 1409 778 genitalibus
1448 725 1693 766 remissisa.

138 785 267 826 Haec
310 784 432 826 enim
472 783 625 825 omnia
664 782 822 837 procul
860 782 999 824 dubio
1037 785 1260 837 geruntur
1291 783 1384 825 sive
1416 796 1496 838 per
1526 784 1695 825 miseri-

139 844 338 885 cordiam
370 843 463 884 sive
494 855 575 897 per
605 842 721 883 iram
742 841 851 892 Dei;
885 842 965 882 sed
995 841 1111 883 iram
1132 841 1220 883 Dei
1251 842 1420 883 iustam
1443 842 1695 884 vindictam

138 902 236 943 fieri
268 900 564 956 appellamus,
598 913 714 954 quae
745 899 1063 942 indubitanter
1093 913 1199 950 non,
1232 900 1320 942 nisi
1350 900 1473 942 iusta
1498 901 1569 951 sit,
1602 915 1695 942 um-

137 973 273 1013 quam
306 959 486 1001 evenire
519 958 732 1000 creditur.

281 1018 539 1073 Imperator
570 1031 650 1072 per
681 1017 983 1059 Baiowariam
1021 1018 1079 1059 ad
1118 1016 1354 1060 Orientem
1393 1018 1695 1072 proficiscitur

137 1077 411 1131 veniensque
443 1089 583 1131 prope
614 1075 786 1118 flumen
807 1075 1068 1117 Tullinam2
1098 1075 1258 1118 Monte
1282 1075 1529 1118 C'omiano3
1561 1076 1693 1118 collo-

138 1136 294 1189 quium
341 1135 519 1177 habuit.
587 1134 662 1176 Ibi
700 1135 821 1176 inter
861 1134 953 1176 alia
991 1134 1178 1176 veniens
1220 1134 1556 1177 Zwentibaldus
1603 1136 1695 1176 dux

139 1207 242 1235 cum
274 1193 554 1248 principibus
586 1193 691 1243 suis,
730 1194 880 1243 homo,
916 1193 1034 1234 sicut
1065 1207 1162 1235 mos
1193 1195 1275 1242 est,
1314 1206 1395 1248 per
1424 1207 1586 1235 manus
1617 1194 1694 1235 im·

138 1253 358 1307 peratoris
381 1251 593 1302 efficitur,
628 1254 911 1294 contestatus
942 1251 1013 1292 illi
1045 1251 1317 1294 fidelitatem
1346 1252 1602 1294 iuramento
1634 1255 1692 1302 et,

137 1324 280 1365 usque
321 1311 431 1352 dum
470 1311 668 1352 Karolus
707 1311 911 1360 vixisset,
954 1323 1205 1364 numquam
1242 1310 1292 1351 in
1329 1323 1523 1365 regnum
1562 1325 1695 1352 suum

138 1369 295 1411 hostili
327 1370 528 1411 exercitu
561 1371 679 1411 esset
709 1371 943 1411 venturus.
990 1368 1157 1410 Postea
1186 1369 1399 1411 veniente
1424 1368 1695 1410 Brazlavoni

139 1428 265 1475 duce,
300 1429 377 1481 qui
407 1428 456 1468 in
487 1428 536 1469 id
565 1430 747 1482 tempus
766 1440 960 1481 regnum
981 1427 1102 1468 inter
1123 1427 1276 1469 Dravo
1299 1429 1347 1469 et
1368 1427 1485 1469 Savo
1505 1427 1694 1469 flumine

136 1486 289 1528 tenuit
321 1486 481 1539 suique
512 1486 711 1527 miliciae
742 1485 952 1527 subditus
985 1486 1265 1540 adiungitur,
1306 1498 1385 1527 rex
1421 1499 1502 1540 per
1534 1485 1694 1528 Caren-

134 1545 261 1586 tam4
300 1545 349 1585 in
390 1544 530 1585 Italia
576 1544 796 1599 perrexit;
844 1557 1056 1599 prospere
1097 1544 1241 1599 Papia
1279 1544 1484 1586 natalem
1524 1543 1694 1587 Christi

137 1602 398 1644 celebravit.

278 1719 671 1762 DOCOLXXXV.
733 1720 946 1762 meima
985 1720 1058 1762 die
1098 1722 1284 1762 sanctae
1316 1720 1588 1775 epiphaniae
1619 1721 1693 1762 ha·
1710 1733 1770 1760 Ian.
1782 1734 1806 1761 ⁷.

135 1778 232 1820 bito
264 1778 467 1833 generali
500 1781 730 1820 conventu
760 1778 887 1820 Wito
920 1779 1013 1820 dux
1044 1778 1398 1834 Spolitanorum,
1440 1779 1517 1833 qui
1558 1781 1695 1821 antea

134 1837 248 1891 fuga
289 1837 345 1878 ab
386 1838 660 1893 imperatore
700 1837 856 1892 lapsus
897 1839 979 1886 est,
1022 1850 1126 1879 cum
1164 1837 1422 1879 iuramento
1463 1837 1694 1879 excusavit

136 1909 182 1937 se
213 1910 307 1937 non
339 1909 435 1938 esse
465 1910 595 1938 reum
626 1896 891 1947 maiestatis,
925 1896 984 1938 ad
1014 1895 1288 1938 fidelitatem
1316 1896 1488 1950 regiam
1521 1909 1694 1951 suscep-

134 1957 211 1996 tus
244 1957 325 1997 est.

278 2013 388 2054 Post
433 2013 610 2055 obitum
653 2012 986 2055 Karolomanni
1030 2013 1162 2068 regis,
1211 2013 1289 2068 qui
1334 2015 1447 2055 tunc
1494 2011 1694 2055 Galliam

134 2074 314 2114 rexerat
328 2071 354 2122 5,
395 2085 520 2114 cesar
556 2085 750 2126 regnum
789 2072 940 2127 ipsum
980 2072 1246 2126 adgreditur
1284 2072 1569 2127 receptisque
1609 2072 1807 2127 pri-(Mam.

135 2130 336 2172 moribus
368 2133 415 2172 et
447 2131 678 2186 dispositis
717 2130 782 2172 ibi
821 2130 971 2181 rebus,
1013 2133 1149 2185 prout
1187 2130 1347 2181 voluit,
1387 2130 1609 2173 remeavit
1645 2131 1694 2172 in

136 2189 374 2231 Franciam
416 2190 475 2231 ad
514 2190 716 2232 edictum
756 2189 978 2245 placitum
1009 2189 1332 2231 Wormacense
1372 2188 1552 2231 obviam
1592 2203 1692 2244 apo-

136 2248 296 2290 stolico
308 2248 336 2288 ⁶.
400 2247 490 2290 Sed
530 2249 640 2290 dum
679 2248 776 2303 ipse
816 2244 966 2303 papa*
1006 2248 1099 2290 iam
1138 2247 1289 2290 medio
1329 2247 1507 2290 itineris
1545 2248 1692 2303 spatio

134 2307 267 2357 foret,
302 2309 536 2362 correptus
569 2307 705 2349 celeri
735 2307 1004 2349 infirmitate
1036 2306 1273 2362 expiravit.
1706 2322 1847 2354 (aaa).

289 2421 324 2466 *)
347 2422 393 2455 In
417 2423 579 2465 margine
603 2422 730 2455 codicis
753 2423 775 2457 3
800 2432 847 2457 m.
871 2431 958 2457 saec.
983 2421 1074 2456 XII.
1099 2421 1206 2455 add..·
1231 2419 1396 2455 Marinus
1420 2431 1516 2465 papa
1540 2432 1574 2459 a.

135 2528 165 2559 a)
184 2527 299 2552 remissi
319 2530 390 2553 sunt
407 2527 433 2555 3.

137 2610 171 2650 1)
187 2610 243 2642 Ab
258 2619 352 2643 anno
368 2610 483 2651 iqitur
498 2620 533 2645 a.
547 2610 628 2645 882.
690 2609 726 2652 2)
743 2609 847 2644 Tuln.
907 2608 944 2652 3)
955 2608 1162 2651 Kaumberq
1173 2618 1273 2642 mons
1288 2609 1328 2641 in
1344 2608 1413 2651 fine
1424 2609 1694 2652 septentrionali

135 2657 250 2690 saltus
268 2657 564 2696 Vindobonensis,·
588 2657 634 2698 cf.
658 2666 772 2700 supra
796 2666 830 2691 a.
847 2657 929 2699 891,
956 2655 1201 2698 Mahlbacher,
1230 2655 1420 2698 ‘Regesten’
1444 2655 1476 2698 I,
1498 2667 1536 2699 p.
1556 2657 1624 2691 118
1641 2667 1691 2699 sq.

134 2703 172 2746 4)
196 2703 388 2737 carinthia
411 2704 465 2737 vel
487 2703 589 2737 hodie
606 2703 778 2737 Cdrenten
801 2703 915 2738 audit.
953 2702 993 2737 P.
1042 2703 1223 2736 Karolum
1244 2713 1311 2746 per
1333 2706 1492 2745 montem,
1518 2704 1582 2746 qui
1603 2703 1692 2736 dici-

136 2755 197 2783 tur
221 2750 449 2793 Semmerinq,
476 2750 626 2783 Italiam
646 2751 788 2793 petiisse
812 2749 1046 2782 Mv‘lhlbacher
1076 2760 1191 2792 nuper
1214 2749 1487 2790 denwnstravit,·
1519 2750 1565 2791 ef.
1593 2750 1691 2783 ‘Mit-

135 2797 338 2840 theilunqen
368 2798 428 2831 des
451 2797 618 2831 Instituts
647 2797 712 2838 far
738 2796 961 2831 Oesterreieh.
989 2796 1336 2837 Geschiehtsforsch!
1360 2796 1408 2839 X,
1431 2808 1469 2840 p.
1494 2797 1576 2839 479,
1602 2807 1638 2832 n.
1658 2798 1690 2832 1.

136 2845 172 2886 ὃ)
194 2844 448 2878 Κανίηιαηηαε
471 2855 505 2880 a.
523 2845 604 2880 884.
630 2844 710 2879 Dec.
731 2844 785 2878 12.
811 2847 974 2877 mortuus
996 2847 1096 2882 erat,·
1121 2844 1369 2887 imperatorem
1393 2844 1499 2877 etiam
1524 2844 1614 2887 Apr.
1635 2845 1690 2879 16.

136 2891 270 2935 Papiae
304 2896 480 2925 moratum
512 2902 582 2925 esee
615 2890 742 2924 charta
776 2889 1027 2933 (Mahlbacher
1052 2891 1162 2932 1651)
1196 2894 1356 2925 testatur.
1416 2890 1471 2932 Cf.
1505 2890 1692 2924 Mmmler

136 2938 209 2980 III,
232 2950 270 2982 p.
295 2940 366 2974 234
390 2949 439 2982 sq.
537 2939 573 2982 6)
595 2938 789 2972 Hadriano
813 2937 908 2978 III.,·
931 2937 978 2979 cf.
998 2941 1140 2981 partem
1165 2936 1237 2973 III.

1384 3008 1408 3042 8
