2004 3362
679 905 1308 961 PRAEFATIO.

368 1117 442 1169 De
486 1120 733 1163 Annalibus
772 1118 1076 1173 Fuldensibus,
1124 1118 1197 1172 qui
1243 1119 1454 1172 dicuntur,
1502 1118 1672 1161 uberius
1717 1133 1783 1161 ex-

214 1180 341 1235 pos-ui
382 1179 537 1222 ‘Neues
567 1179 743 1222 Archiv'
785 1179 950 1231 XVII,
982 1193 1030 1232 p.
1064 1182 1282 1231 83-158,
1325 1177 1444 1221 cuius
1484 1178 1784 1232 disputationis

222 1239 290 1282 hic
319 1253 525 1281 simnnam
554 1242 735 1292 repetere
765 1237 871 1280 satis
901 1237 1042 1279 habeo.

364 1297 678 1339 Dividebantur
707 1297 846 1339 adhuc
876 1295 925 1338 in
946 1300 1095 1349 partes
1125 1295 1319 1350 quinque,
1355 1308 1535 1348 quarum
1565 1309 1655 1338 una
1685 1295 1783 1348 sini-

223 1361 293 1398 tur
322 1356 370 1398 in
400 1370 440 1398 a.
466 1359 565 1398 838.
597 1359 698 1398 nota
719 1354 906 1398 codicum
928 1354 1303 1407 Schlettstadensis,
1326 1353 1604 1407 Havniensis,
1627 1354 1783 1396 Mona-

222 1415 357 1457 censis
387 1413 652 1467 maryinibus
679 1412 894 1467 adscripta
924 1413 1030 1455 Huc
1061 1427 1205 1468 usque
1234 1413 1493 1462 Enhardus,
1527 1413 1663 1455 attera
1685 1417 1784 1466 post

221 1488 262 1514 a.
296 1477 395 1514 863.
451 1472 584 1514 simili
638 1471 908 1514 adnotatione
962 1473 1187 1514 eorundem
1242 1471 1429 1514 codicum
1483 1472 1590 1514 Huc
1636 1486 1782 1527 usque

219 1532 491 1582 Ruodolfus‚
524 1530 650 1573 tertia
679 1530 728 1573 in
758 1544 799 1572 a.
834 1533 932 1573 882.
964 1531 1052 1582 fine
1081 1531 1318 1584 eorundem,
1352 1535 1506 1584 quarta
1536 1530 1585 1573 in
1616 1545 1657 1572 a.
1681 1534 1780 1572 887.

220 1592 306 1642 fine
338 1590 490 1633 codicis
520 1589 855 1632 Vindobonensis
894 1603 962 1631 nr.
996 1593 1094 1643 615,
1137 1589 1286 1643 quinta
1325 1589 1414 1631 iam
1454 1590 1506 1632 ab
1547 1604 1589 1631 a.
1623 1593 1722 1631 882.
1755 1604 1782 1631 a

220 1653 372 1703 quarta
413 1648 628 1692 discedens
666 1649 754 1700 fine
794 1652 1022 1690 ceterorum
1060 1648 1247 1691 codicum
1286 1649 1345 1690 ad
1382 1663 1423 1690 a.
1458 1652 1557 1690 901.
1597 1649 1691 1702 Eyo
1731 1662 1783 1691 esc

220 1707 344 1750 tertia
375 1712 413 1750 et
442 1712 607 1761 quarta,
650 1720 756 1760 quas
795 1706 979 1750 eiusdem
1018 1707 1203 1750 auctoris
1241 1721 1327 1750 esse
1358 1711 1415 1749 A.
1448 1707 1677 1759 Rethfeld1
1717 1709 1781 1750 de-

219 1766 480 1820 monstravit,
512 1781 644 1809 unam
674 1765 769 1820 feci,
801 1765 994 1819 quintam
1014 1770 1164 1820 autem,
1197 1780 1303 1820 quae
1325 1781 1352 1808 a
1364 1766 1586 1820 prioribus
1606 1767 1783 1808 multum

220 1825 392 1877 differt²
422 1830 460 1868 et
489 1825 752 1867 Baiouariae
792 1829 957 1867 tantum
995 1825 1204 1868 rationem
1243 1825 1377 1879 habet,
1419 1825 1782 1868 continuationum

219 1884 579 1927 Baiovaricarum
609 1884 777 1927 nomine
806 1883 989 1938 siynavi.

363 1943 461 1985 Pri
471 1957 582 1985 mae
604 1942 792 1997 partis
831 1947 1053 1996 auctorem,
1095 1957 1214 1996 quem
1245 1943 1494 1988 monachum
1526 1944 1782 1986 Fuldensem

221 2002 408 2054 iynotum
438 2003 647 2055 quendam
677 2001 756 2043 alii
784 2001 1138 2055 eoeistimaverunt,
1171 2002 1379 2044 neminem
1400 2001 1488 2044 nisi
1508 2002 1783 2045 Einhardum

221 2061 341 2102 illum
363 2060 522 2102 Karoli
543 2065 580 2103 et
601 2060 823 2103 Ludowici
844 2061 885 2102 Ι.
907 2060 1208 2114 imperatorum
1238 2060 1629 2113 familiarissimum
1648 2061 1783 2113 fuisse

222 2119 409 2172 equidem
431 2133 685 2173 persuasum
715 2119 857 2161 habeo.
921 2120 1038 2161 Nam
1068 2124 1115 2161 ut
1145 2119 1333 2162 omittam
1363 2134 1457 2162 eum
1487 2119 1613 2162 etiam
1645 2134 1673 2162 a
1701 2134 1782 2161 mo-

222 2178 355 2221 nacho
384 2177 734 2232 Kirschqartensi
764 2177 812 2220 in
839 2177 1048 2221 Chronico
1073 2178 1376 2222 Wormatiensi
1409 2176 1466 2229 (v.
1498 2178 1643 2233 infra)
1676 2178 1782 2221 Ein-

221 2237 402 2279 hardum
433 2236 530 2290 dici,
563 2237 821 2279 Enhardum
851 2241 889 2279 et
919 2236 1194 2280 Einhardum
1230 2236 1340 2280 idem
1371 2251 1521 2280 nomen
1553 2251 1639 2280 esse
1669 2251 1784 2280 nunc

221 2295 386 2348 quidem
423 2295 534 2338 inter
565 2310 706 2338 omnes
743 2300 916 2338 constat.
984 2297 1105 2349 Quod
1142 2300 1281 2339 autem
1320 2300 1406 2338 tam
1443 2297 1577 2339 multa
1616 2296 1664 2339 in
1703 2297 1784 2339 hac

222 2354 461 2397 Annalium
483 2359 610 2408 parte
639 2354 915 2398 inveniuntur
945 2356 1004 2397 ad
1032 2356 1221 2398 Fuldam
1250 2355 1494 2409 spectantia,
1527 2369 1634 2409 quae
1664 2356 1785 2409 Ionye

223 2413 451 2455 maximam
473 2418 642 2467 partem
673 2428 724 2456 ea:
743 2413 992 2457 Annalibus
1012 2414 1299 2457 Fuldensibus
1329 2414 1638 2468 antiquissimis
1668 2414 1787 2456 aliis·

225 2485 300 2523 que
330 2471 529 2514 subsidiis
559 2472 846 2515 Fuldensibus
867 2473 1003 2527 pet-ita
1033 2477 1144 2527 sunt,
1179 2487 1230 2516 ea
1260 2487 1306 2516 re
1337 2473 1448 2515 nihil
1478 2473 1666 2526 efficitur
1696 2473 1784 2516 nisi

225 2529 310 2582 hoc,
343 2534 550 2572 auctorem
580 2531 834 2574 monasterio
864 2531 932 2574 illi
953 2531 1242 2586 propinquum
1273 2531 1406 2584 fuisse
1417 2547 1430 2574 .·
1461 2546 1506 2574 eo
1533 2546 1641 2586 vero,
1675 2533 1786 2585 quod

226 2644 260 2687 1)
284 2645 327 2679 Α.
346 2644 521 2687 Rethfeld,
551 2646 674 2680 ‘Ueber
689 2647 755 2681 den
778 2647 968 2691 Urspruny
993 2648 1052 2682 des
1075 2649 1228 2690 zweiten,
1255 2648 1387 2681 dritten
1404 2648 1488 2681 und
1512 2649 1642 2682 vierten
1664 2647 1784 2681 Theils

223 2691 287 2724 der
310 2696 545 2734 soqenannten
562 2692 776 2728 Fuldischen
792 2694 983 2738 Annalen’,
1011 2695 1120 2729 Halle
1145 2696 1237 2730 1886
1246 2707 1260 2735 ,·
1284 2695 1330 2737 cf.
1356 2696 1462 2729 etiam
1487 2706 1522 2731 a.
1539 2695 1622 2731 869.
1647 2695 1700 2739 (p.
1718 2696 1783 2737 68)

223 2749 325 2772 more
359 2736 526 2781 Camino,
566 2749 600 2773 a.
625 2741 707 2775 875.
742 2743 795 2784 (p.
820 2742 885 2783 85)
918 2752 1020 2776 more
1055 2740 1286 2786 Iugurthino,
1327 2753 1361 2778 a.
1386 2742 1468 2778 882.
1504 2744 1555 2787 (p.
1582 2743 1646 2784 98)
1680 2752 1782 2776 more

223 2784 422 2821 Achabieo.
519 2786 555 2829 2)
579 2786 666 2820 Cum
690 2789 782 2820 enim
803 2790 970 2832 priorum
991 2791 1155 2833 partium
1180 2794 1339 2823 auctores
1362 2799 1433 2823 non
1453 2790 1567 2823 solum
1584 2789 1781 2832 Einhardi,

223 2833 282 2866 sed
305 2834 410 2866 etiam
433 2833 549 2866 Taciti
572 2834 635 2876 (cf.
660 2844 694 2869 a.
712 2835 813 2877 852.)
837 2839 868 2868 et
889 2835 1060 2869 Sallustii
1082 2839 1134 2879 (a.
1151 2837 1233 2872 869.
1258 2840 1291 2870 et
1313 2837 1415 2879 875.)
1440 2837 1584 2881 scm'ptis
1607 2837 1784 2870 studuisse

222 2885 253 2914 et
287 2880 367 2913 inde
401 2880 605 2914 locutionem
638 2882 856 2915 ememtatam
884 2886 915 2916 et
939 2883 1111 2916 Latinam
1142 2885 1335 2928 percepisse
1366 2888 1494 2918 constet
1528 2886 1591 2927 (cs.
1617 2883 1783 2925 Rethfeld

225 2928 247 2962 l.
274 2927 296 2963 l.
321 2938 356 2971 p.
376 2928 418 2962 11
437 2938 487 2971 sq.
512 2932 543 2961 et
568 2928 644 2971 23),
679 2929 817 2971 quinta,
853 2940 941 2972 quae
965 2930 1157 2973 dicebatur,
1184 2931 1267 2965 stilo
1291 2932 1382 2965 satis
1406 2931 1562 2965 barbaro
1585 2932 1782 2974 conscripta

222 2979 282 3017 est,
309 2975 410 3008 cuius
432 2975 591 3019 exempla
616 2976 791 3009 nonnulla
815 2977 926 3010 attuli
951 2977 1076 3012 ‘Neues
1100 2978 1251 3012 Archiv’-
1271 2978 1397 3022 XVII,
1419 2990 1458 3023 p.
1478 2979 1547 3014 152
1563 2989 1613 3022 sq.
