2020 3358
164 971 251 998 Febr.

103 1669 187 1702 (Apr.
198 1670 251 1701 16).

105 1728 187 1760 (Mai.
198 1728 252 1758 12).

267 291 336 326 104
635 287 754 325 ANN.
779 287 925 325 FULD.
950 287 1082 324 PARS
1107 287 1179 325 ΙΙΙ.
1203 287 1455 333 (MOGONT.)

264 411 366 450 tum
397 411 444 450 et
475 408 695 462 quosdam
724 407 958 450 Romanae
989 408 1108 450 sedis
1140 408 1384 463 episcopos,
1426 409 1503 462 qui
1543 421 1647 450 eum
1688 409 1819 463 depo-

264 469 448 516 nerent;
491 467 613 520 quod
644 466 859 521 perficere
890 466 1076 508 minime
1107 468 1378 520 potuerunt:
1420 480 1527 508 nam
1558 467 1819 521 praedictus

264 525 474 580 pontifex
503 525 767 580 imperatori
797 537 877 579 per
908 524 1082 578 legatos
1122 537 1225 565 suos
1263 524 1365 578 plus
1396 538 1531 578 quam
1564 525 1700 566 XXX
1731 525 1819 580 epi-

265 597 505 638 scoporum
526 584 711 624 nomina
743 585 789 624 et
820 582 1024 624 omnium
1049 581 1415 636 presbyterorum
1447 585 1494 624 et
1525 583 1821 625 diaconorum

265 641 567 684 cardinalium
598 643 734 694 atque
765 640 993 682 inferioris
1025 640 1193 694 gradus
1224 653 1531 694 personarum,
1565 654 1743 682 necnon
1771 643 1820 683 et

264 700 486 742 laicorum
525 699 783 754 principum
811 698 1010 752 regionis
1041 698 1211 752 scripta
1243 698 1503 748 destinavit,
1546 699 1623 752 qui
1663 712 1820 741 omnes

263 758 543 799 unanimiter
582 770 686 799 eum
726 756 964 811 elegerunt
1005 759 1052 798 et
1093 756 1189 798 eius
1230 757 1507 798 ordinationi
1550 757 1820 812 subscripse-

264 818 387 857 runt.

962 880 977 896 *
988 880 1093 927 886.

1834 899 1849 915 t

406 954 855 997 DOCCLXXXVI.²
927 954 1086 996 Mense
1125 954 1374 996 Februario
1414 955 1638 997 exercitus
1678 955 1820 996 orien-

263 1014 429 1056 talium
461 1013 739 1055 Francorum
778 1013 940 1054 missus
981 1015 1050 1055 est
1091 1015 1250 1054 contra
1280 1013 1599 1055 Nordmannos
1637 1014 1685 1054 in
1717 1013 1820 1055 Gal·

264 1073 375 1114 liam
412 1072 542 1113 iuxta
580 1071 776 1113 Parisios
817 1071 1117 1113 consistentes
1133 1071 1167 1121 1;
1217 1072 1295 1125 qui
1340 1072 1389 1112 in
1432 1072 1596 1114 itinere
1636 1074 1821 1126 propter

264 1130 480 1172 imbrium
519 1130 867 1171 inundationem
907 1131 954 1171 et
992 1129 1139 1183 frigus
1178 1130 1421 1171 imminens
1460 1143 1553 1171 non
1591 1130 1822 1171 modicum

265 1202 484 1243 equorum
515 1202 700 1230 suorum
729 1188 930 1242 perpessi
961 1191 1069 1229 sunt
1097 1188 1328 1229 damnum.
1377 1187 1493 1229 Cum
1524 1190 1678 1230 autem
1709 1187 1821 1230 illuc

264 1247 590 1302 pervenissent,
631 1246 919 1288 Nordmanni
954 1259 1107 1288 rerum
1144 1246 1347 1287 omnium
1377 1246 1743 1288 habundantiam
1773 1247 1822 1287 in

264 1305 596 1347 munitionibus
636 1305 728 1346 suis
766 1305 990 1347 habentes
1021 1318 1208 1346 manum
1240 1318 1344 1346 cum
1375 1305 1439 1346 eis
1472 1318 1705 1347 conserere
1736 1318 1821 1346 nec

263 1364 509 1406 voluerunt
548 1377 632 1406 nec
674 1364 772 1405 ausi
812 1366 933 1404 sunt.
996 1363 1147 1417 Igitur
1179 1363 1339 1405 diebus
1371 1364 1743 1418 quadragesimae
1774 1366 1821 1405 et

263 1435 407 1476 usque
439 1423 497 1463 ad
526 1425 707 1476 tempus
737 1422 1018 1476 rogationis2
1056 1422 1183 1463 inani
1220 1421 1376 1464 labore
1415 1422 1707 1476 consumptis,
1752 1435 1820 1464 ex-

265 1483 397 1535 cepto
429 1481 551 1535 quod
582 1480 794 1522 Heimrih
835 1481 1055 1534 quosdam
1095 1482 1222 1522 extra
1252 1481 1554 1522 munitionem
1583 1480 1820 1522 inveniens

264 1540 444 1587 occidit,
488 1539 615 1593 equis
647 1541 694 1581 et
725 1539 874 1580 bubus
906 1539 1112 1594 plurimis
1144 1539 1252 1580 inde
1283 1538 1476 1580 sublatis
1506 1539 1741 1580 redierunt
1771 1539 1821 1579 in

264 1612 359 1639 sua.
421 1598 608 1640 Interea
637 1597 778 1651 Hugo
809 1599 856 1639 et
889 1597 1080 1647 Gozilin,
1119 1597 1308 1639 abbates
1341 1599 1387 1639 et
1419 1598 1556 1639 duces
1587 1597 1821 1652 praecipui

265 1655 443 1699 Galliae
489 1656 706 1711 regionis,
754 1656 803 1697 in
849 1656 1014 1710 quibus
1054 1656 1200 1697 omnis
1241 1668 1341 1710 spes
1383 1655 1621 1698 Gallorum
1662 1658 1822 1697 contra

264 1714 584 1756 Nordmannos
615 1715 765 1770 posita
796 1717 907 1765 erat,
942 1715 1150 1757 defuncti
1182 1717 1290 1756 sunt
1303 1714 1332 1754 3.
1379 1714 1512 1756 Unde
1534 1713 1821 1755 Nordmanni

266 1769 557 1815 audacioresb
594 1773 749 1815 effecti
781 1775 828 1815 et
859 1773 914 1815 de
946 1786 1029 1814 sua
1055 1773 1311 1814 munitione
1333 1773 1500 1827 egressi
1522 1773 1735 1826 omnique
1756 1785 1820 1814 re-

264 1833 399 1886 gione
439 1832 576 1886 potiti
613 1831 879 1874 venationes
919 1833 967 1873 et
1004 1832 1153 1873 varios
1198 1831 1331 1872 ludos
1376 1830 1507 1872 nullo
1548 1830 1820 1886 prohibente

265 1890 552 1932 exercebant.

406 1948 593 2003 Optima
631 1962 735 2003 pars
766 1948 1032 2003 Mogontiae
1072 1948 1284 1998 civitatis,
1326 1948 1408 1990 ubi
1438 1948 1665 1990 Frisiones
1697 1948 1820 1990 habi-

263 2007 441 2057 tabant,
482 2009 586 2062 post
622 2007 819 2049 mediam
850 2007 1242 2061 quadragesimam
1274 2019 1427 2049 mense
1458 2007 1626 2048 Martio
1659 2006 1820 2048 confla-

264 2066 414 2119 gravit
444 2066 670 2107 incendio.
732 2065 889 2107 Mense
910 2078 1016 2107 vero
1037 2065 1173 2115 Maio,
1208 2065 1343 2107 Iunio
1375 2067 1513 2119 atque
1535 2065 1656 2106 Iulio
1686 2067 1821 2107 tanta

263 2124 330 2165 vis
361 2124 577 2165 imbrium
609 2124 689 2165 diu
713 2126 942 2178 noctuque
974 2124 1071 2165 sine
1101 2124 1436 2166 intermissione
1469 2123 1660 2165 caelitus
1692 2123 1820 2178 lapsa

265 2184 346 2231 est,
388 2185 442 2223 ut
481 2182 636 2223 nullus
678 2183 777 2223 aevi
808 2183 1060 2237 praesentis
1091 2185 1271 2223 tantam
1302 2195 1522 2236 aquarum
1553 2181 1820 2223 habundan-

263 2241 378 2281 tiam
417 2253 464 2282 se
503 2241 669 2282 vidisse
709 2240 927 2282 fateatur.
989 2241 1124 2282 Unde
1163 2240 1352 2281 flumina
1391 2240 1440 2281 in
1481 2240 1667 2281 diversis
1708 2239 1819 2281 locis

264 2299 618 2340 intumescentia
647 2299 859 2353 frugibus
889 2299 1026 2340 variis
1058 2299 1249 2340 extitere
1281 2299 1510 2353 pernoxia.
1562 2297 1682 2339 Nam
1702 2298 1819 2340 Rhe-

264 2371 350 2398 nus
391 2357 572 2399 alveum
612 2371 745 2398 suum
784 2370 989 2411 egressus
1031 2360 1197 2398 cuncta
1237 2357 1337 2398 loca
1377 2356 1464 2398 sibi
1506 2357 1720 2410 contigua
1760 2355 1818 2397 ab

265 2418 370 2456 ortu
410 2429 491 2457 suo
530 2429 672 2470 usque
716 2416 774 2457 ad
813 2416 1055 2457 introitum
1094 2415 1230 2456 maris
1271 2415 1481 2456 omnibus
1521 2414 1732 2469 frugibus
1771 2417 1819 2456 et

265 2530 294 2560 a)
313 2528 591 2557 DCCOLXXXIIII.
610 2530 688 2560 cod.;
707 2530 744 2560 cf.
765 2537 792 2557 a.
811 2530 871 2556 868.
943 2529 973 2559 b)
992 2527 1164 2555 audatiores
1184 2530 1244 2556 cod.

267 2622 301 2666 1)
326 2623 396 2664 Qui
417 2633 441 2656 a
466 2623 653 2656 Novembri
683 2624 774 2656 anni
798 2624 988 2666 poueteriti
1010 2623 1129 2656 urbem
1156 2623 1428 2666 oppuynabant,·
1461 2623 1506 2663 cf.
1533 2622 1719 2655 Dezmmler
1742 2621 1816 2663 III,

260 2680 300 2712 p,
325 2671 406 2705 259.
518 2670 555 2713 2)
578 2670 664 2704 Dies
686 2671 911 2712 royatiaemum
935 2680 972 2703 eo
996 2680 1091 2703 anno
1115 2670 1202 2704 Kal.
1228 2670 1316 2704 Mai.
1342 2673 1537 2712 coeperunt,
1574 2669 1634 2702 sed
1656 2678 1700 2701 ex
1723 2668 1818 2701 rela-

266 2716 419 2749 tionibus
455 2717 610 2750 Abbonis
644 2721 676 2750 et
711 2717 910 2750 Annalium
946 2717 1083 2751 Vedast.
1118 2717 1327 2750 Heinricum
1362 2715 1547 2750 nonnullis
1582 2715 1702 2748 diebus
1737 2718 1818 2747 ante

268 2762 412 2796 Gozlini
434 2767 579 2797 mortem
595 2774 770 2797 reversum
794 2774 864 2797 esse
888 2774 1017 2797 necesse
1040 2767 1111 2803 αεὶ,-
1137 2763 1324 2796 De'immler
1339 2763 1412 2803 III,
1435 2774 1473 2806 p.
1491 2762 1572 2797 266.
1645 2762 1681 2803 3)
1698 2761 1819 2794 Gozli-

265 2819 334 2842 nus
357 2809 466 2843 abbas
490 2810 526 2844 S.
553 2810 726 2844 Germani
748 2814 779 2844 et
803 2811 982 2854 episcopus
1006 2810 1244 2852 Parisiorum,
1280 2811 1343 2853 qui
1374 2813 1517 2842 eatenus
1547 2818 1685 2842 summa
1710 2808 1817 2849 forti-

266 2856 387 2889 tudine
409 2860 441 2889 ετ
461 2857 655 2899 prudentia
679 2857 799 2890 urbem
824 2857 1038 2898 defenderat,
1066 2858 1156 2900 Apr.
1176 2858 1231 2892 16.
1257 2857 1297 2889 de
1318 2857 1389 2889 vita
1406 2856 1557 2897 decessit,
1576 2855 1682 2896 Huyo
1703 2854 1818 2888 Turo-

264 2903 384 2936 nensis
406 2903 514 2936 abbas
538 2913 606 2936 non
632 2904 742 2937 multo
762 2908 842 2947 pos}
867 2904 967 2936 illum
995 2904 1084 2938 Mai.
1104 2905 1148 2938 12
1157 2915 1170 2943 ;
1196 2903 1381 2936 Dilmmler
1401 2913 1438 2945 p.
1463 2903 1544 2937 267.
