2020 3358
465 305 705 342 AUCTORE
729 305 1015 344 RUODOLFO.
1062 307 1110 344 A.
1134 309 1336 345 842—845.
1637 311 1686 347 35

123 432 169 471 et
211 428 412 470 Rihboto
460 426 601 468 abbas
616 426 643 476 ¹,
691 426 912 468 Hraban²
964 440 1143 481 quoque
1189 428 1382 482 signifer
1428 443 1532 471 cum
1580 430 1683 472 aliis

120 487 279 529 multis
311 500 366 528 ex
395 485 640 527 nobilibus.

262 539 587 587 Hludowicusb
616 543 885 586 Obodritosc
915 541 1252 586 defectionemd
1286 545 1529 587 molientes
1557 546 1681 588 bello

119 604 379 660 perdomuit
418 603 566 644 occiso
597 615 704 656 rege
737 615 895 644 eorum
926 601 1253 644 Groztomuizlie
1290 605 1552 657 terramque
1582 604 1681 646 illo-

117 677 220 704 rum
251 664 298 704 et
329 661 551 717 populum
582 661 669 703 sibi
701 661 922 702 divinitus
954 661 1251 716 subiugatum
1282 675 1363 717 per
1394 662 1533 704 duces
1565 663 1681 704 ordi·

117 722 287 763 navit&

259 774 534 821 Hrabanusf
570 791 762 832 quoque,
805 778 1040 833 sophistag
1076 781 1123 820 et
1160 779 1230 820 sui
1267 780 1486 834 temporis
1525 782 1679 834 poeta·

116 853 219 880 rum
238 838 356 880 nulli
377 837 616 887 secundus,
650 837 859 887 librum,
832 837 848 861 3
893 850 1030 891 quem
1051 837 1108 879 de
1129 837 1268 880 laude
1289 833 1504 880 sanctae¹1
1531 839 1677 880 crucis

118 897 301 947 Christi,
338 897 587 951 figurarum
616 896 840 938 varietate
873 896 1144 937 distinctum
1175 896 1357 938 difficili
1390 899 1436 939 et
1467 897 1677 939 mirando

115 959 326 1011 poemate
373 950 658 1010 conposuiffl,
712 968 793 1009 per
838 951 1147 996 Ascrichumk
1201 957 1248 997 et
1294 951 1667 998 Hruodbertum¹

115 1016 361 1056 monachos
391 1014 656 1056 monasterii
678 1013 961 1055 Fuldensism
988 1013 1147 1067 Sergio
1178 1027 1324 1069 papae
1356 1016 1515 1056 sancto
1537 1014 1676 1056 Petro

115 1073 401 1116 offerendum
430 1073 699 1114 transmisit.

839 1161 943 1208 845.

257 1236 558 1279 DOCOXLV.
610 1236 898 1278 Nordmanni
924 1250 1118 1291 regnum
1139 1236 1300 1278 Karli¹¹
1331 1239 1565 1279 vastantes
1592 1250 1676 1292 per
1688 1251 1790 1283 (um.
1799 1251 1855 1284 28).

116 1295 373 1350 Sequanam
402 1309 545 1349 usque
576 1295 774 1337 Parisios
804 1295 987 1349 navigio
1018 1297 1244 1337 venerunt
1276 1297 1323 1337 et
1353 1297 1451 1336 tam
1487 1295 1544 1336 ab
1575 1295 1675 1350 ipso

113 1368 250 1408 quam
271 1354 433 1395 incolis
453 1357 603 1396 terrae
625 1356 814 1408 accepta
834 1354 1030 1408 pecunia
1051 1354 1234 1408 copiosa
1255 1366 1359 1394 cum
1378 1366 1491 1408 pace
1513 1353 1675 1396 disces-

113 1415 285 1454 serunt.
357 1412 414 1452 In
454 1412 626 1453 Frisia⁰
673 1425 852 1466 quoque
891 1411 1040 1453 tribus
1080 1411 1265 1466 proeliis
1279 1415 1299 1442 Ρ
1346 1411 1671 1454 conflixerunt:

110 1471 159 1512 in
190 1471 335 1525 primo
367 1467 552 1524 quidem
582 1470 705 1519 victi,
745 1470 795 1511 in
825 1470 1038 1512 secundis
1068 1483 1175 1512 vero
1208 1470 1386 1512 duobus
1418 1471 1673 1525 superiores

110 1529 265 1571 effecti
296 1541 510 1582 magnam
541 1529 779 1570 hominum
810 1528 1159 1571 multitudinem
1179 1530 1538 1583 prostraverunt.
1593 1529 1674 1571 Oa-

110 1587 297 1629 stellum
328 1588 468 1629 etiam
498 1587 547 1627 in
569 1586 776 1638 Saxonia,
810 1588 932 1641 quod
958 1589 1149 1628 vocatur
1169 1587 1500 1642 Hammaburg,
1533 1602 1673 1643 popu-

109 1646 194 1688 lati
224 1659 309 1688 nec
341 1645 508 1687 inulti‘l
544 1646 714 1688 reversi
746 1648 854 1687 8111115
865 1645 895 1684 4.

250 1704 448 1746 Karlus‘
493 1717 598 1746 cum
636 1704 950 1746 Brittonibus⁸
999 1704 1204 1746 conflixit
1218 1704 1234 1729 5
1274 1707 1321 1747 et
1362 1718 1466 1746 cum
1505 1706 1671 1759 grandi
1682 1718 1773 1753 (Nov.
1782 1720 1840 1752 22).

108 1764 275 1805 damno
308 1763 533 1805 exercitus
565 1763 635 1804 sui
666 1763 763 1818 ipse
796 1777 901 1805 cum
931 1764 1088 1818 paucis
1119 1764 1195 1805 vix
1226 1764 1383 1806 evasit.

248 1820 573 1863 Hludowicust
627 1822 781 1863 XIIII
833 1835 888 1864 ex
937 1822 1130 1864 ducibus
1176 1822 1513 1864 Boemanorum
1565 1836 1670 1864 cum

107 1881 368 1922 hominibus
394 1881 488 1922 suis
510 1881 808 1922 christianam
828 1881 1099 1935 religionem
1121 1881 1435 1923 desiderantes
1467 1881 1669 1936 suscepit

107 1942 153 1981 et
190 1940 239 1980 in
270 1940 441 1981 octavis
480 1940 790 1994 theophaniae
816 1939 1082 1995 ‚baptizariu
1117 1940 1272 1990 iussit;
1313 1942 1521 1995 tempore
1559 1954 1801 1983 veromam

106 1999 316 2039 autumni
357 1999 406 2039 in
447 1998 644 2040 Saxonia
684 1999 826 2054 apud·
846 1998 1240 2040 Padrabrunnonv
1276 1999 1490 2053 generale
1531 1998 1668 2054 placi-

103 2059 204 2098 tum
245 2057 422 2107 habuit,
462 2057 543 2098 ubi
573 2057 772 2099 fratrum
803 2071 987 2099 suorum
1020 2059 1067 2099 et
1097 2057 1511 2108 Nordmammrum,
1546 2057 1668 2099 Scla-

103 2130 263 2157 vorum
294 2130 473 2171 quoque
504 2118 551 2158 et
582 2116 921 2171 Bulgarorumw
952 2116 1207 2170 legationes
1239 2116 1452 2171 suscepit,
1488 2116 1667 2158 audivit

104 2178 151 2216 et
183 2175 393 2216 absolvit.
764 2223 779 2233 .

245 2233 551 2276 Hlutharius¹
577 2234 842 2275 Folcratum
863 2234 1027 2276 ducem
1047 2233 1368 2276 Arelatensem
1396 2236 1443 2276 et
1466 2233 1666 2288 reliquos

103 2293 292 2334 comites
332 2292 518 2334 illarum
557 2293 792 2348 partiumy
836 2292 1061 2335 rebellare
1101 2292 1343 2335 molientes
1383 2293 1433 2333 in
1475 2292 1667 2334 deditio-

102 2355 234 2392 nemz
273 2352 450 2407 accepit
481 2354 540 2402 et,
573 2354 710 2407 prout
741 2351 901 2402 voluit,
934 2351 1249 2393 Pr0vinciam⁸
1286 2352 1530 2393 ordinavit.

102 2455 131 2482 a)
152 2453 267 2479 rhaban
287 2454 312 2481 1.
330 2454 356 2481 2.
375 2454 400 2481 3.
472 2454 502 2485 b)
522 2452 671 2481 Hlodouu.
690 2455 715 2482 3.
788 2456 815 2486 c)
834 2453 937 2481 abodr.
957 2455 981 2481 1.
1001 2454 1027 2482 2.
1044 2454 1077 2486 33
1103 2455 1142 2485 cf.
1161 2461 1188 2481 a.
1207 2454 1269 2481 858.
1287 2456 1313 2479 ά
1331 2454 1392 2481 862.
1465 2452 1496 2486 (1)
1515 2452 1665 2479 defeccio-

103 2496 170 2513 nem
184 2489 209 2515 3.
265 2489 293 2521 e)
311 2489 498 2520 goztomiuzli
513 2490 537 2517 1.
549 2490 582 2522 23
602 2489 782 2521 gozzomuizl
801 2490 833 2522 3;
854 2490 900 2514 hic
914 2490 1016 2521 finitur
1027 2490 1059 2514 in
1071 2489 1164 2514 codice
1175 2489 1229 2521 fol.
1242 2489 1286 2514 201
1291 2498 1302 2521 ,·
1321 2490 1358 2520 ct.
1371 2496 1462 2520 supra
1476 2496 1503 2516 α.
1516 2489 1579 2520 842,
1592 2496 1620 2516 n.
1634 2489 1664 2516 k.

102 2524 126 2553 f)
146 2524 295 2549 rhabanus
310 2526 334 2551 l.
347 2525 371 2551 2.
426 2524 456 2558 g)
474 2525 620 2557 sophysta.
637 2526 663 2552 3.
718 2525 818 2556 lusce
837 2525 862 2552 3.
917 2525 939 2558 i)
958 2532 1054 2557 comp.
1066 2526 1091 2552 1.
1144 2524 1177 2556 k)
1195 2524 1363 2550 aschricum
1377 2526 1401 2552 1.
1414 2525 1447 2557 2;
1467 2524 1618 2549 ascrihum
1637 2525 1664 2551 3.

103 2559 123 2589 l)
145 2559 329 2584 ruotbertum
350 2561 375 2587 1.
393 2559 419 2587 2.
499 2562 540 2590 m)
559 2558 724 2586 flundensis
743 2560 769 2588 3.
846 2562 878 2591 n)
897 2560 1001 2586 Karoli
1022 2562 1045 2587 1.
1065 2560 1092 2587 2.
1110 2560 1136 2587 3.
1208 2560 1238 2593 0)
1257 2560 1348 2585 fresia
1366 2560 1392 2587 3.
1464 2561 1496 2592 p)
1514 2566 1551 2591 pr
1569 2559 1617 2584 liis
1638 2560 1663 2587 1,

101 2596 132 2626 q)
152 2595 236 2619 multi
258 2596 280 2621 1.
300 2595 326 2622 2.
346 2595 371 2621 3.
461 2596 488 2625 r)
507 2595 635 2621 Kar-olus
656 2596 680 2623 1.
699 2596 731 2628 2?
761 2595 865 2621 Can-lus
885 2596 910 2623 ³.
1001 2597 1026 2626 s)
1045 2595 1259 2629 britonibusrl.
1277 2595 1304 2622 2.
1396 2596 1419 2625 t)
1438 2593 1552 2619 hludov
1566 2601 1617 2620 cus
1637 2594 1663 2622 2.

102 2630 133 2661 u)
155 2630 309 2661 paptizare
328 2637 404 2657 corr.
424 2630 572 2662 paptizari
590 2631 615 2657 3.
675 2631 707 2664 v)
725 2629 939 2663 pndraprunno
957 2631 984 2658 3.
1043 2632 1082 2661 w)
1102 2630 1258 2663 vulgarum
1278 2632 1302 2658 1.
1315 2630 1340 2658 2.
1403 2631 1435 2661 x)
1455 2629 1584 2658 hlothar.
1598 2630 1622 2657 1.
1636 2629 1664 2658 2.

101 2666 132 2697 y)
152 2665 285 2697 parcium
305 2666 330 2692 3.
402 2665 429 2698 z)
447 2663 636 2691 deditionem
655 2666 680 2693 2.
753 2667 783 2696 a)
802 2666 984 2698 provintiam
1003 2666 1030 2694 3.

103 2747 137 2790 1)
162 2747 379 2780 centulensis
403 2748 459 2790 (S.
482 2747 662 2791 Riquier).
758 2748 794 2790 2)
819 2748 874 2790 Cf.
901 2748 1087 2781 Dermler
1110 2747 1141 2791 I,
1165 2759 1202 2791 p.
1219 2747 1420 2783 264—268.
1516 2746 1552 2791 3)
1575 2746 1662 2780 Per-

97 2794 230 2837 pulchr
233 2805 290 2827 um
315 2795 390 2828 eius
413 2794 663 2839 apographum
687 2795 825 2828 saeculo
845 2805 937 2829 mmo
952 2795 1005 2828 vel
1020 2795 1125 2828 initio
1140 2795 1266 2828 decimi
1279 2798 1470 2828 eoearatum
1485 2795 1526 2827 in
1542 2794 1662 2828 Monte

102 2841 232 2874 Casino
256 2842 372 2877 evolvi.
411 2842 452 2877 Ρ.
502 2842 558 2883 Cf.
584 2842 676 2878 Poet.
703 2842 766 2877 lat.
792 2841 844 2884 II,
866 2854 906 2886 p.
925 2843 993 2877 156
1010 2852 1060 2885 89.
1179 2842 1217 2884 4)
1247 2841 1302 2883 Cf.
1327 2841 1518 2875 Pmdentii
1540 2841 1659 2876 Anu..-

101 2887 230 2930 quibus
265 2887 426 2922 Saxones
461 2891 692 2923 occurrentes
726 2887 917 2923 commisso
954 2888 1092 2933 proelio
1128 2916 1136 2924 .
1164 2914 1173 2924 .
1199 2916 1207 2925 .
1242 2887 1396 2923 victores
1416 2887 1658 2930 'efficiuntur3

101 2934 288 2968 Dummler
311 2935 342 2978 J,
365 2948 403 2979 p.
429 2937 496 2971 281
515 2947 565 2980 sq.
662 2936 699 2979 5)
723 2936 835 2980 Prope
860 2936 1013 2975 Ballon,·
1039 2935 1226 2969 Dzmeler
1251 2935 1281 2978 I,
1304 2948 1342 2980 p.
1367 2937 1450 2971 289.

1332 3005 1376 3041 3*
