2020 3358
474 310 673 347 CONTm.
699 311 967 350 RATISBON.
1015 314 1063 350 A.
1088 316 1170 351 891.
1195 317 1276 352 892.
1586 317 1652 352 121

98 434 230 488 signa
249 432 364 474 XVI
385 432 542 474 ablata
571 434 618 474 et
648 432 698 472 in
723 431 936 474 Baioaria
964 433 1014 474 in
1043 434 1359 475 testimonium
1387 435 1655 477 transmissa

99 494 220 533 sunt.
290 491 463 533 Eodem
508 490 556 532 in
602 489 703 532 loco
749 490 823 532 die
864 521 876 531 .
909 521 920 531 .
954 521 964 531 .
1002 491 1108 532 Kal.
1117 494 1137 514 ⁸
1220 522 1230 531 .
1264 491 1303 532 ‚1
1342 492 1537 535 letanias
1575 507 1655 536 rex

99 550 328 592 celebrare
374 549 617 604 praecipit,
665 549 762 604 ipse
805 562 910 591 cum
949 549 1074 591 omni
1113 521 1316 592 exercitu
1355 550 1514 593 laudes
1555 551 1653 594 Deo

98 609 303 650 canendo
333 608 564 663 processit,
597 608 677 662 qui
706 607 849 649 talem
875 608 1114 649 victoriam
1145 608 1238 650 suis
1267 608 1445 658 tribuit,
1477 612 1531 650 ut
1561 624 1653 651 uno

96 662 307 708 homineb
342 668 527 708 tantum
558 666 706 708 occiso
738 667 795 708 de
825 669 956 721 parte
988 667 1341 708 christianorum
1372 670 1655 722 compertum

97 727 178 775 est,
210 727 344 766 tanta
374 725 502 766 milia
533 725 772 766 hominum
802 737 857 766 ex
888 725 1036 767 altera
1066 727 1196 780 parte
1227 726 1476 780 perierunt.

822 837 925 884 892.

236 911 549 954 DOOOXCII.
616 912 715 954 Rex
754 913 811 954 de
851 912 1047 954 Francia
1087 926 1191 954 cum
1229 913 1422 954 victoria
1461 913 1510 954 in
1549 913 1653 955 Ala-

94 970 292 1020 mannia,
326 972 454 1012 curte
484 971 612 1024 regia
632 970 782 1021 Ulma,
816 971 1066 1013 honorifice
1096 971 1301 1014 natalem
1322 971 1510 1013 Domini
1542 971 1653 1014 cele·

94 1028 258 1070 bravit.
320 1028 438 1071 Inde
479 1028 715 1071 Orientem
755 1030 1070 1084 proficiscitur,
1113 1043 1298 1085 sperans
1339 1030 1426 1072 sibi
1467 1031 1652 1072 Zwenti-

95 1087 283 1129 baldum
329 1088 494 1130 ducem
539 1088 724 1130 obvium
769 1088 960 1139 habere;
1009 1089 1088 1130 sed
1133 1088 1213 1130 ille
1253 1102 1378 1131 more
1417 1089 1553 1131 solito
1593 1090 1652 1131 ad

93 1159 247 1200 regem
277 1146 432 1188 venire
470 1147 669 1197 rennuit,
712 1147 851 1189 fidem
882 1150 929 1189 et
960 1148 1114 1189 omnia
1144 1150 1252 1189 ante
1283 1148 1504 1202 promissa
1533 1161 1652 1190 men-

93 1205 207 1246 titus
249 1207 331 1247 est.
402 1205 518 1247 Inde
563 1219 643 1248 rex
682 1206 800 1247 irato
841 1206 993 1247 animo
1032 1206 1081 1247 in
1121 1205 1481 1260 Hengistfeldon
1494 1207 1510 1231 ²
1548 1220 1652 1248 cum
1665 1223 1782 1254 (Mart.)-

94 1263 374 1306 Brazlavone
400 1265 515 1306 duce
529 1264 545 1289 3
566 1264 846 1318 colloquium
877 1264 1055 1314 habuit,
1087 1264 1152 1306 ibi
1177 1265 1299 1307 inter
1319 1265 1411 1306 alia
1431 1278 1651 1319 quaerens

92 1324 274 1376 tempus
315 1325 362 1364 et
402 1322 567 1373 locum,
609 1324 835 1377 quomodo
875 1324 1019 1378 possit
1057 1326 1228 1365 terram
1259 1323 1549 1365 Maravorum
1587 1324 1652 1364 in-

92 1383 236 1430 trare;
283 1381 544 1423 consultum
585 1385 655 1424 est
695 1382 830 1431 enim,
871 1384 925 1423 ut
962 1382 1112 1424 tribus
1152 1382 1426 1424 exercitibus
1465 1382 1651 1424 armatis

91 1451 285 1493 regnum
323 1440 442 1481 illud
482 1441 734 1482 invaderet.
799 1440 927 1483 Rex4
967 1441 1178 1494 equidem
1218 1441 1460 1494 assumptis
1497 1454 1651 1482 secum

92 1497 293 1548 Francis,
317 1498 552 1547 Baioariis,
575 1499 846 1540 Alamannis
877 1512 1032 1541 mense
1053 1499 1175 1540 Iulio
1196 1499 1474 1540 Maraviam⁰
1501 1499 1648 1549 venit;
1665 1517 1720 1544 Iul.

92 1556 157 1597 ibi
196 1569 277 1611 per
317 1557 425 1598 IIII
464 1558 739 1612 epdomadas
786 1571 890 1599 cum
928 1559 1063 1599 tanta
1101 1557 1415 1607 multitudine,
1454 1557 1651 1612 Ungaris

94 1615 237 1657 eciam
276 1615 447 1657 ibidem
488 1617 547 1658 ad
587 1629 634 1658 se
673 1630 778 1658 cum
808 1617 1098 1671 expeditione
1128 1615 1432 1666 venientibus,
1471 1630 1652 1658 omnem

92 1673 221 1716 illam
251 1675 486 1729 regionem
515 1675 729 1717 incendio
761 1676 1091 1717 devastandam
1120 1674 1402 1717 versabatur.

233 1733 396 1775 Missos
428 1734 569 1776 etiam
600 1747 704 1776 suos
735 1734 843 1776 inde
871 1735 931 1776 ad
952 1730 1207 1788 Bulgarosd
1242 1735 1290 1775 et
1320 1746 1474 1787 regem
1495 1747 1652 1775 eorum

91 1791 335 1833 Laodomir
367 1793 426 1834 ad
455 1793 767 1834 renovandam
797 1793 1039 1847 pristinam
1068 1805 1228 1847 pacem
1260 1806 1363 1834 cum
1387 1792 1651 1834 muneribus

91 1863 246 1892 mense
288 1851 572 1906 Septembrio
618 1852 874 1893 transmisit
914 1854 978 1900 et,
1025 1864 1085 1893 ne
1126 1851 1351 1906 coemptio
1395 1851 1502 1892 salis
1542 1851 1650 1893 inde
1665 1868 1747 1901 sept.

91 1909 351 1951 Maravanis
384 1911 582 1960 daretur,
622 1911 837 1965 exposcit.
899 1910 1028 1951 Missi
1060 1911 1215 1951 autem
1246 1912 1432 1964 propter
1461 1909 1650 1951 insidias

93 1968 394 2010 Zwentibaldi
435 1969 563 2010 ducis
603 1971 819 2011 terrestre
859 1969 948 2011 iter
992 1982 1086 2010 non
1125 1968 1331 2010 valentes
1378 1968 1547 2010 habere
1594 1969 1650 2010 de

91 2040 232 2080 regno
264 2027 557 2069 Brazlavonis
589 2041 669 2082 per
699 2027 890 2069 fluvium
911 2026 1124 2082 Odagra⁵
1153 2040 1296 2081 usque
1328 2027 1387 2069 ad
1409 2026 1608 2082 Gulpam
1621 2026 1648 2076 ⁶,

92 2155 121 2183 a)
141 2156 205 2177 ante
223 2156 248 2178 et
261 2156 330 2185 poet
349 2152 384 2179 kf
399 2154 526 2185 spatium
545 2154 740 2185 compluribus
758 2145 863 2179 luder-'⁸
881 2160 1001 2179 vacuum
1020 2154 1149 2178 relictum
1167 2153 1194 2181 3.
1248 2153 1279 2187 b)
1298 2153 1412 2179 homini
1429 2153 1455 2180 3.
1510 2154 1538 2184 e)
1556 2159 1652 2179 mara·

91 2195 159 2213 nam
179 2188 204 2215 3.
277 2187 308 2219 d)
327 2189 477 2221 bulgarios
497 2190 522 2216 3.

94 2283 128 2325 1)
151 2282 237 2316 Kal.
266 2282 469 2317 Octobribus
500 2293 567 2316 reo:
602 2283 758 2317 Traiecti
789 2283 857 2326 (ad
881 2283 1038 2322 Mosam)
1071 2282 1293 2317 morabatur.
1326 2282 1367 2317 P.
1401 2281 1653 2325 (Mdhlbacher

94 2331 227 2371 1814),·
259 2331 341 2364 item
368 2330 437 2365 Oct.
463 2331 498 2365 9.
532 2329 634 2364 iuxta
657 2329 801 2364 Mosam
826 2329 977 2364 fluvium
1009 2330 1165 2372 (Muhlb.
1184 2330 1306 2372 1815),
1340 2329 1404 2362 ubi
1433 2339 1547 2371 reyem
1571 2333 1652 2363 ante

89 2387 250 2420 puqnam
265 2381 386 2411 castra
402 2379 567 2411 statuisse
583 2378 716 2420 Rcyino
732 2378 858 2413 tradit.
895 2377 957 2411 Ea·
980 2377 1120 2420 reliqua
1140 2381 1247 2421 parte
1262 2378 1354 2410 anni
1368 2387 1478 2409 unum
1494 2376 1651 2420 diploma

93 2428 208 2458 emetat
235 2424 304 2459 Oct.
322 2426 379 2460 30.
406 2425 478 2459 loco
502 2426 622 2468 iqnoto
645 2425 770 2458 datum
795 2424 950 2467 (Muhlb.
969 2425 1091 2466 1816).
1140 2422 1269 2458 Mense
1285 2422 1508 2457 Novembrio
1534 2423 1651 2456 Nord-

93 2481 243 2504 manuos
275 2471 320 2504 ab
352 2482 418 2504 ora
450 2472 498 2505 ad
531 2471 759 2505 hiemandum
790 2472 984 2505 Lovom'am
1014 2472 1157 2515 petiisse
1181 2471 1275 2506 Arm.
1300 2471 1437 2505 Vedast.
1470 2470 1652 2511 referunt,-

93 2518 220 2562 quibus
243 2519 384 2560 iniuste,
416 2522 457 2552 ut
480 2519 629 2562 videtur,
661 2519 808 2562 diffisus
832 2519 1019 2552 Dummler
1043 2518 1134 2561 (III,
1156 2529 1195 2562 p.
1221 2518 1320 2559 349),
1356 2518 1420 2560 qui
1441 2518 1547 2550 etiam
1571 2521 1652 2550 ante

93 2565 298 2598 vocabulum
331 2564 415 2600 Kal.
451 2565 616 2598 lacunam
649 2576 719 2599 eece
753 2567 815 2608 2⁰91
804 2566 959 2607 orabat,
991 2576 1153 2609 puynam
1187 2566 1227 2597 in
1259 2564 1436 2597 Kalendis
1468 2563 1650 2599 Novembr.

92 2613 222 2656 posuit.
270 2612 347 2654 Eyo
370 2623 448 2645 eam
468 2613 581 2656 paulo
593 2617 683 2667 ’post
707 2612 796 2646 Idus
826 2613 979 2646 eiusdem
1010 2613 1140 2646 mensis
1173 2612 1306 2653 factam
1337 2621 1407 2644 esse
1429 2610 1650 2645 crediderim.

94 2659 131 2702 2)
152 2659 228 2692 Hoc
251 2670 323 2692 non
347 2659 449 2692 urbis
472 2663 537 2693 aut
564 2660 642 2702 vici,
678 2660 738 2693 sed
769 2661 888 2703 campi
919 2659 1105 2693 cuiusdam
1134 2669 1246 2702 prope
1276 2658 1408 2692 saltum
1432 2657 1651 2699 Henystbery

93 2707 133 2739 iu
156 2707 273 2740 media
293 2707 479 2750 provincia
504 2706 725 2740 Steiermark
748 2708 812 2740 siti
844 2707 1014 2749 (fortasse
1040 2706 1118 2739 ‘dae
1143 2706 1282 2739 Grazer
1305 2705 1407 2738 Feld’
1440 2705 1480 2737 in
1512 2704 1651 2747 aquilo-

92 2753 174 2786 nali
193 2758 298 2797 parte
321 2754 467 2795 montis)
491 2764 616 2787 nomen
640 2754 752 2795 fuisse
775 2754 821 2788 A.
839 2753 1004 2795 Chroust,
1033 2753 1158 2786 ‘Neues
1181 2751 1328 2785 Archiv’
1353 2750 1436 2794 XV,
1458 2763 1496 2795 p.
1514 2752 1584 2787 590
1600 2761 1650 2794 eq.

93 2801 338 2844 comprobavit.
423 2801 459 2844 3)
482 2801 535 2834 De
558 2810 626 2844 quo
648 2801 694 2842 cf.
720 2811 834 2844 supra
857 2811 892 2836 a.
910 2801 991 2836 884.
1079 2799 1116 2842 4)
1140 2799 1246 2840 Quem
1270 2776 1449 2834 Febr.15'.
1476 2797 1648 2840 Ottinyac,

93 2848 184 2891 Apr.
210 2849 244 2882 3.
269 2847 405 2890 Iuvavi,
441 2848 532 2892 Apr.
558 2848 615 2883 25.
642 2847 867 2889 Ratisbonac,
903 2847 992 2880 Mai.
1012 2848 1068 2882 10.
1092 2846 1169 2880 For
1169 2845 1345 2888 chheimii,
1380 2845 1444 2878 ubi
1468 2849 1651 2879 conomius

94 2893 238 2928 habitus
259 2895 397 2928 videtur
418 2905 499 2938 cese,
526 2895 607 2930 Iun.
625 2896 683 2930 30.
708 2896 837 2928 iterum
856 2894 1018 2937 Ottinyac
1041 2897 1218 2927 versatum
1241 2903 1311 2926 esse
1334 2892 1471 2926 chartis
1494 2891 1649 2935 (Mahlh.

95 2941 347 2983 1818—1822)
365 2942 580 2982 ostenditum
604 2942 650 2984 cf.
668 2942 856 2975 Du’mmler
872 2941 945 2983 III,
961 2952 999 2985 p.
1016 2941 1086 2976 353
1102 2950 1153 2984 sq-
1225 2940 1261 2983 5)
1281 2939 1390 2974 Odra.
1463 2939 1499 2981 6)
1514 2938 1649 2982 Kulpa.
