2020 3358
279 295 324 331 56
630 291 750 328 ANN.
774 291 921 329 rum).
947 291 1080 330 PARS
1105 291 1157 329 11.
1180 273 1487 338 (FULDENsm)

420 412 594 455 Eodem
632 426 811 467 quoque
852 427 973 455 anno
1011 427 1091 455 rex
1130 414 1269 455 ducto
1308 413 1357 454 in
1395 412 1669 455 Obodritos²
1712 425 1832 454 exer-

280 466 401 514 citub
445 472 609 513 ducem
649 484 805 513 eorum
845 471 1209 514 Tabomuizlem⁰
1252 471 1555 514 rebellantem
1595 471 1717 512 dicto
1758 471 1833 512 ob-

279 526 459 572 oedire‘¹
495 531 542 571 et
573 529 717 571 filium
750 543 883 572 suum
915 543 1018 572 cum
1049 530 1151 572 aliis
1182 529 1416 572 obsidibus
1448 530 1555 571 dare
1588 529 1751 583 coegit.

1001 641 1105 689 863.

419 716 757 758 Karlmannus⁶
795 716 917 758 filius
947 716 1080 770 regis,
1122 717 1200 771 qui
1239 711 1501 772 praelatusf
1537 718 1635 758 erat
1668 716 1833 758 Caran-

276 777 443 825 tanjs⁸‚
475 778 574 817 tam
604 774 762 816 multis
793 774 1057 816 criminibus
1088 777 1135 817 et
1165 778 1259 817 tam
1294 775 1470 829 magnis
1502 775 1624 830 apud
1655 777 1833 829 patrem

278 834 440 876 absens
472 835 711 876 accusatus
743 835 824 882 est,
866 835 919 875 ut
956 833 1120 876 merito
1150 846 1254 876 reus
1285 833 1537 875 maiestatis
1569 832 1728 874 haberi
1760 833 1832 874 de-

277 893 463 942 buisset,
505 892 543 934 si
584 905 650 942 ea,
693 905 809 946 quae
845 892 894 932 in
931 905 1035 934 eum
1073 892 1197 934 dicta
1233 894 1354 942 sunt,
1397 891 1454 932 ab
1491 890 1832 933 accusatoribus

278 951 460 1006 probari
500 950 769 1005 potuissent.
842 949 975 1001 Quod
1013 951 1133 1004 regis
1172 950 1376 992 animum
1419 950 1533 992 adeo
1574 949 1830 1000 commovit,

277 1012 332 1051 ut
361 1022 443 1064 per
474 1022 520 1051 se
551 1009 703 1063 ipsum
723 1022 876 1050 coram
896 1009 1158 1062 frequentia
1185 1008 1342 1064 populi
1364 1009 1434 1050 sui
1455 1010 1735 1063 protestatus
1757 1008 1830 1058 sit,

277 1062 647 1109 Karlmannumll
697 1066 845 1108 filium
890 1081 1024 1108 suum
1069 1066 1127 1108 ab
1173 1080 1226 1108 eo
1271 1069 1475 1122 tempore
1516 1069 1563 1108 et
1603 1066 1830 1121 deinceps,

278 1127 422 1167 donec
452 1125 548 1180 ipse
569 1125 743 1166 viveret
775 1127 822 1166 et
851 1127 1078 1179 regnaret,
1111 1139 1194 1167 sua
1213 1124 1453 1166 voluntate
1478 1124 1674 1179 publicis
1695 1125 1832 1166 hono—

276 1184 402 1226 ribus
434 1197 684 1237 numquam
715 1196 811 1225 esse
842 1184 1110 1238 potiturum.
1174 1182 1274 1235 Quo
1306 1183 1465 1224 audito
1487 1177 1827 1224 Karlmannus¹¹

278 1243 334 1284 ab
374 1242 552 1291 itinere,
595 1255 684 1295 quo
725 1242 784 1283 ad
821 1241 1043 1296 palatium
1075 1242 1142 1284 ire
1174 1236 1407 1296 coeperat¹
1421 1275 1430 1292 ‚
1473 1241 1743 1296 perterritus
1783 1241 1833 1282 in

279 1301 565 1342 Oarinthiam
596 1313 643 1341 se
663 1300 848 1355 recepit,
881 1300 947 1341 ibi
974 1301 1119 1342 tutari
1140 1301 1263 1355 apud
1285 1313 1400 1350 suos,
1434 1313 1545 1354 quos
1567 1299 1654 1341 sibi
1675 1299 1832 1342 fideles

278 1359 526 1400 arbitratus
558 1361 639 1408 est,
672 1358 842 1409 volens,
885 1359 1029 1400 donec
1068 1359 1211 1413 patris
1251 1359 1319 1400 ira
1359 1359 1612 1412 quiesceret
1650 1360 1696 1400 et
1735 1358 1832 1412 ipse

277 1431 358 1473 per
402 1417 711 1459 internuntios
751 1430 932 1459 veraces
979 1417 1066 1459 sibi
1105 1417 1338 1458 fallaciter
1381 1417 1562 1459 obiecta
1600 1418 1831 1471 purgaret.

278 1476 465 1518 Interea
502 1489 582 1517 rex
622 1472 850 1517 collectok
885 1476 1087 1517 exercitu
1124 1476 1273 1530 specie
1311 1476 1496 1530 quidem
1527 1475 1657 1529 quasi
1686 1475 1832 1516 Rasti-

278 1530 382 1576 zen¹
423 1534 775 1588 Margensiumm
808 1533 1074 1576 Sclavorum
1114 1534 1277 1576 ducem
1317 1547 1420 1575 cum
1459 1533 1630 1575 auxilio
1667 1533 1833 1587 Bulga-

277 1596 464 1635 rorum¹¹
509 1592 567 1634 ab
605 1593 779 1634 oriente
810 1593 1104 1643 venientium,
1146 1594 1200 1633 ut
1238 1592 1364 1634 fama
1402 1592 1506 1642 fuit,
1549 1593 1830 1642 domaturus‚

277 1665 326 1693 re
358 1653 513 1693 autem
543 1663 651 1692 vera
682 1652 741 1692 ad
773 1650 1055 1693 Carantanos
1095 1650 1242 1692 filium
1282 1653 1649 1705 expugnaturus⁰
1688 1662 1832 1691 acces·

277 1710 351 1751 sit.
414 1709 503 1761 Qui
539 1722 698 1751 revera
729 1722 776 1751 se
808 1710 867 1751 ad
897 1710 946 1751 id
975 1710 1194 1764 temporis
1235 1709 1517 1758 defenderet,
1559 1709 1647 1749 nisi
1686 1708 1831 1763 prodi·

275 1769 403 1810 tione
436 1767 732 1810 Grundachari
748 1771 767 1798 Ρ
805 1768 983 1809 comitis
1023 1768 1094 1809 sui
1108 1767 1124 1792 ¹
1162 1768 1448 1823 deciperetur
1477 1768 1710 1816 incautus;
1753 1767 1832 1820 qui

276 1829 427 1868 totum
466 1839 581 1881 pene
619 1826 760 1868 robur
799 1826 1024 1868 exercitus
1055 1839 1209 1868 secum
1239 1826 1414 1868 habens
1445 1826 1574 1880 quasi
1604 1826 1722 1867 vada
1752 1825 1831 1866 flu-

277 1885 412 1926 minis
459 1885 770 1927 Swarzahaeq·
786 1885 802 1910 ²
853 1884 1063 1926 hostibus
1110 1884 1423 1939 prohibiturus
1470 1898 1575 1926 cum
1619 1883 1831 1925 omnibus

277 2011 306 2043 a)
325 2008 476 2036 abodritos
491 2012 514 2037 1.
528 2010 553 2037 2.
620 2010 651 2041 b)
670 1993 801 2036 exertitu
819 2011 844 2037 3.
918 2012 945 2041 c)
965 2010 1173 2036 tabomiuzlem
1188 2011 1219 2043 13
1240 2010 1458 2035 tabomuizilem
1477 2010 1502 2037 3.
1575 2008 1606 2040 d)
1625 2007 1748 2034 obedire
1767 2009 1792 2036 8.
1805 2008 1831 2036 3.

278 2047 306 2075 e)
325 2045 430 2072 Car-lm.
450 2046 476 2072 2.
577 2045 601 2076 f)
626 2045 758 2077 prelatus
779 2046 802 2072 1.
905 2047 934 2077 g)
959 2046 1123 2071 carantinis
1142 2046 1167 2072 2.
1270 2045 1301 2076 h)
1327 2046 1426 2072 carlm.
1447 2046 1471 2072 1.
1490 2045 1515 2071 2.
1618 2045 1639 2074 i)
1663 2047 1785 2076 ceperat
1805 2044 1831 2071 8.

277 2081 310 2111 k)
329 2081 455 2106 collecta
475 2081 500 2107 3.
581 2080 602 2110 l)
621 2081 752 2106 rasticen
772 2082 804 2113 1;
834 2081 972 2106 rasticem
991 2081 1016 2108 3.
1097 2082 1138 2111 m)
1156 2080 1376 2106 marahensium
1396 2082 1420 2107 1.
1439 2081 1465 2107 2.
1537 2081 1567 2110 n)
1587 2080 1743 2111 uulgarum
1762 2080 1787 2107 1.
1805 2079 1832 2106 2.

278 2118 306 2146 o)
326 2118 564 2148 expugnaturum
584 2116 608 2142 3.
682 2117 712 2148 p)
731 2114 895 2147 gundacari
915 2117 939 2142 1.
959 2115 984 2142 2.
1058 2117 1088 2148 q)
1107 2116 1238 2141 fluminis
1257 2116 1292 2143 N.
1311 2116 1335 2143 3.

279 2209 314 2252 1)
339 2209 409 2250 Qui
430 2208 476 2241 ab
499 2209 575 2252 ipso
599 2207 829 2242 Karzmanno
852 2220 886 2243 a.
912 2209 992 2244 861.
1018 2209 1172 2243 Pabonis
1196 2209 1267 2242 loco
1291 2209 1451 2242 marchio
1475 2209 1727 2241 Karantam'ae
1750 2217 1832 2241 con—

277 2257 422 2289 stitutus
445 2259 544 2295 erat;
568 2256 614 2297 cf.
631 2255 818 2289 Ditmmler
842 2255 894 2299 II,
915 2267 955 2299 p.
972 2257 1019 2291 23
1034 2260 1066 2289 et
1082 2257 1140 2291 51.
1228 2256 1265 2298 2)
1288 2255 1498 2297 Swarzaha,
1525 2257 1564 2287 in
1587 2255 1831 2296 anfractuosis

278 2303 382 2336 Nivei
410 2302 543 2336 Montis
573 2301 653 2346 (der
677 2300 924 2346 Schneeberg)
957 2303 1127 2336 lateribus
1161 2307 1251 2345 orta,
1288 2303 1381 2336 viam
1415 2313 1502 2345 quae
1534 2312 1578 2335 erc
1608 2301 1733 2343 styria
1754 2311 1832 2345 *per

277 2359 453 2382 summum
471 2349 604 2382 Cetium
626 2347 706 2392 (der
723 2348 967 2392 Sommering)
985 2350 1224 2383 Vindobonam
1249 2350 1356 2391 ducit,
1383 2349 1464 2382 inde
1488 2349 1534 2381 ab
1551 2349 1679 2392 oppido
1695 2348 1831 2382 Schott-

278 2397 366 2429 wien
398 2406 506 2439 usque
538 2396 587 2428 ad
619 2397 752 2429 exitum
785 2397 954 2429 montium
988 2397 1189 2438 comitatur,
1231 2396 1285 2429 ita
1318 2400 1358 2429 ut
1387 2397 1548 2439 primum
1581 2396 1729 2428 sinistro
1762 2396 1832 2428 sive

279 2443 485 2476 occidentali
507 2443 614 2476 vallis
638 2443 745 2476 lateri
767 2442 946 2485 adlabens,
974 2453 1057 2476 mooe
1080 2443 1144 2476 ubi
1165 2443 1267 2476 colles
1291 2444 1330 2475 in
1351 2443 1538 2486 planitiem
1555 2442 1764 2484 decrescunt,
1791 2443 1831 2475 in

279 2490 445 2523 orientem
468 2493 638 2531 transeat,
673 2493 704 2523 et
737 2490 844 2523 vallis
878 2490 1004 2523 ostium
1035 2490 1257 2533 praecludat,
1287 2489 1472 2522 Littaham
1497 2494 1599 2532 atque
1624 2489 1831 2522 Danubium

274 2538 445 2580 petitura.
494 2536 539 2569 In
563 2546 601 2570 eo
617 2537 732 2578 iyitur
749 2537 831 2579 loco,
857 2537 986 2570 dextra
1004 2537 1167 2579 laevaque
1183 2536 1367 2578 montibus,
1394 2541 1425 2569 et
1443 2537 1481 2568 in
1497 2537 1615 2578 fronte
1632 2535 1831 2569 Swarzaha

277 2584 424 2625 munito,
459 2583 620 2625 fluminis
652 2583 781 2617 vadum
804 2587 836 2616 et
859 2584 1002 2616 unicum
1027 2583 1131 2626 idque
1154 2583 1411 2625 difficillimum
1445 2584 1485 2615 in
1510 2582 1738 2616 C'arinthiam
1763 2583 1832 2616 iter

277 2631 356 2672 reqi
380 2630 575 2663 Gundacar
606 2630 863 2663 interdicturus
894 2630 1105 2665 consederat.
1161 2630 1277 2663 Situm
1312 2630 1464 2663 locorum
1488 2640 1522 2664 a.
1542 2631 1643 2665 1820.
1669 2633 1701 2662 et
1726 2629 1830 2664 1821.

278 2677 428 2719 inspexi.
484 2677 551 2709 Via
581 2677 672 2720 ipsa,
705 2687 776 2720 qua
802 2676 955 2710 Carolus
977 2676 1037 2712 VI.
1063 2678 1247 2719 Augustus
1271 2687 1369 2710 mare
1394 2677 1569 2720 Superum
1594 2676 1711 2708 Marti
1735 2675 1831 2709 Mer-

278 2724 415 2756 curiove
438 2724 617 2766 aperuisse
641 2733 712 2757 non
735 2724 926 2766 inconyrue
951 2724 1092 2766 leyitur,
1116 2734 1182 2768 per
1205 2734 1298 2757 saa-a
1323 2724 1480 2766 inqentia
1497 2723 1662 2763 ascendit,
1689 2723 1728 2755 in
1753 2723 1831 2765 ipso

280 2770 352 2803 loco
375 2769 582 2803 Schottwien
615 2771 668 2803 ita
701 2775 866 2813 angusta,
903 2774 942 2803 ut
972 2775 1080 2814 porta
1113 2771 1240 2804 iniecta
1263 2775 1295 2804 et
1318 2770 1460 2804 castello
1491 2770 1639 2812 desuper
1670 2770 1831 2812 imposito

273 2816 417 2860 penitus
449 2817 571 2849 claudi
599 2821 631 2849 et
663 2818 830 2851 interdici
858 2818 1050 2861 potuerint.
1105 2818 1216 2851 Porta
1240 2821 1272 2850 et
1295 2817 1505 2850 munitioni-s
1537 2817 1665 2848 ruinae
1696 2820 1828 2850 extant.

278 2863 392 2896 Locus
412 2867 596 2906 praeterea
620 2863 776 2897 theloneo
799 2874 822 2897 a
842 2864 1094 2898 mercatoribus
1116 2864 1286 2907 exiqendo
1306 2867 1603 2907 peropportunus,
1629 2872 1730 2905 eoque
1756 2863 1830 2895 iam

276 2909 427 2943 saeculis
450 2909 559 2944 XIII.
585 2914 616 2943 et
640 2910 770 2946 XIIII.
795 2915 908 2946 notus.
946 2911 986 2946 P.
