2020 3358
12 1921 15 1930 *
29 1916 67 1945 *ᾖ
75 1918 130 1944 44’.

463 324 581 360 ANN.
607 324 753 362 FULD.
779 323 922 362 CONT.
947 325 1061 362 ΔΗΓ.
1109 325 1157 363 Α.
1181 328 1263 363 897.
1290 329 1371 364 898.
1633 330 1700 365 131

145 448 240 490 vati
281 450 389 490 sunt
403 446 429 497 ¹,
479 460 582 488 cum
623 459 676 488 eo
716 446 968 501 pacificatis
1009 447 1262 500 ceterisque
1303 448 1517 502 negotiis,
1566 451 1702 504 prout

145 507 310 562 potuit,
351 506 523 548 ibidem
562 505 684 546 inter
724 518 771 547 se
811 505 1042 559 dispositis
1083 505 1357 560 placabilem
1387 506 1622 549 licentiam
1652 508 1702 549 in

145 579 228 607 sua
256 564 480 608 redeundi
511 564 713 605 donavit.

500 810 872 864 ANNALIUM
909 810 1350 860 FULDENSIUM

424 913 974 958 CONTINUATIONES
1007 914 1425 957 ALTAHENSES.

783 1017 830 1053 A.
855 1019 1056 1054 897—901.

875 1181 974 1228 897.

288 1255 428 1298 Curte
443 1259 479 1279 ἃ·
495 1257 511 1281 2
561 1269 667 1298 vero
717 1255 929 1311 Tripuria
980 1255 1141 1298 habito
1192 1256 1396 1310 generali
1448 1259 1676 1299 conventu
1689 1256 1804 1302 3<1u1.)‚

144 1315 373 1357 Fuldense
406 1315 647 1357 cenobium
679 1328 816 1357 causa
847 1315 1066 1356 orationis
1098 1315 1246 1370 petiit.
1299 1314 1399 1366 Quo
1430 1317 1614 1370 peracto
1647 1316 1705 1357 ad

144 1376 332 1424 curtem,
369 1387 486 1429 quae
518 1373 687 1415 dicitur
719 1373 834 1426 Salz,
874 1374 1094 1428 pervenit,
1138 1369 1514 1416 advenientibusb
1550 1374 1615 1416 ibi
1646 1374 1705 1416 ad

143 1446 248 1474 eum
289 1446 393 1473 cum
431 1433 696 1474 muneribus
734 1432 1010 1474 Soraborum
1050 1433 1210 1482 missis,
1253 1446 1378 1486 quos,
1419 1435 1473 1473 ut
1513 1433 1703 1482 audivit,

143 1491 342 1533 absolvit
373 1493 420 1532 et
452 1491 577 1533 abire
609 1491 828 1546 permisit.

257 1549 378 1591 ÷÷His
430 1550 498 1591 ita
550 1549 742 1604 expletis
795 1549 1010 1604 contigit,
1065 1551 1119 1590 ut
1164 1549 1315 1604 gentis
1361 1549 1705 1592 Behemitarum

144 1609 281 1650 duces
320 1609 379 1650 ad
415 1609 738 1663 imperatorem
768 1607 1032 1658 Arnulfum,
1076 1608 1155 1662 qui
1193 1610 1307 1650 tunc
1345 1609 1562 1663 temporis
1603 1609 1705 1651 civi-

141 1670 240 1709 tate
271 1667 548 1722 Radaspona
577 1670 782 1709 moratus
814 1669 896 1718 est,
932 1667 1228 1717 devenerunt,
1262 1666 1506 1709 offerentes
1538 1668 1579 1709 ei
1612 1681 1705 1709 mu-

142 1740 253 1768 nera
297 1727 425 1780 regia
471 1729 518 1768 et
565 1740 647 1768 sua
693 1739 968 1780 suorumque
1022 1726 1229 1768 fidelium
1280 1725 1500 1780 suffragia
1546 1728 1706 1768 contra

142 1799 299 1827 eorum
320 1785 541 1835 inimicos,
560 1785 876 1827 Marahabitas
902 1781 1151 1839 [scilicet]⁰,
1175 1784 1473 1839 postulantes,
1497 1798 1524 1826 a
1539 1785 1705 1838 quibus

142 1857 294 1899 saepe,
336 1846 391 1885 ut
430 1844 518 1899 ipsi
558 1844 795 1885 testificati
835 1846 963 1892 sunt,
1008 1843 1248 1885 durissime
1289 1843 1703 1898 eonprimebantur.

143 1899 349 1954 '÷÷Quos‘¹
376 1916 484 1957 ergo
507 1903 644 1945 duces
666 1916 746 1944 rex
765 1903 1014 1958 imperator
1036 1902 1240 1956 gratuito
1265 1902 1527 1957 suscipiens,
1552 1902 1705 1944 verba-

142 1975 230 2015 que
273 1961 597 2003 consolationis
639 1975 796 2003 eorum
836 1961 1098 2016 pectoribus
1137 1960 1482 2002 habundantius
1511 1961 1705 2003 inseruit

142 2023 189 2062 et
228 2020 532 2062 laetabundos
575 2021 784 2074 donoque
825 2021 1073 2062 honoratos
1111 2019 1309 2074 patriam
1339 2019 1388 2060 in
1419 2033 1548 2061 suam
1579 2020 1704 2062 abire

142 2079 368 2134 permisit3
408 2081 650 2133 totumque
688 2078 814 2120 illius
846 2079 955 2120 anni
986 2080 1168 2133 tempus
1201 2078 1467 2120 autumnale
1498 2079 1703 2120 finitimis

141 2138 190 2179 in
230 2138 341 2179 locis
389 2137 727 2192 aquilonalibus
770 2137 973 2179 Danubii
1012 2136 1317 2191 Ymbrisque4
1361 2136 1561 2179 fluminis
1608 2151 1703 2180 sese

142 2197 431 2247 sustentavit,
474 2197 562 2238 hac
594 2197 734 2238 etiam
766 2196 1037 2246 iuratione,
1079 2198 1146 2246 ut,
1187 2196 1225 2237 si
1255 2196 1544 2250 supradictae
1575 2197 1703 2250 genti

140 2256 389 2298 necessitas
421 2255 581 2297 auxilii
613 2256 683 2297 sui
714 2255 987 2306 immineret,
1021 2257 1210 2310 paratus
1243 2268 1346 2296 cum
1377 2255 1469 2296 suis
1491 2255 1703 2297 fidelibus

141 2315 369 2357 existeret.

869 2392 973 2438 898.

249 2467 449 2509 ÷÷Postea
474 2480 580 2508 vero
613 2481 732 2508 anno
755 2466 1088 2508 incarnationis
1110 2466 1297 2508 Domini
1319 2465 1700 2508 DCOOXCVIII.

140 2527 262 2568 inter
293 2526 406 2567 duos
437 2525 605 2567 fratres
637 2526 787 2580 gentis
809 2525 1166 2574 Marahensium,
1193 2524 1467 2579 Moymirum
1487 2524 1701 2566 videlicet

141 2643 170 2670 a)
188 2641 253 2665 hinc
272 2648 375 2665 manus
393 2641 516 2665 secunda
536 2641 635 2671 incipit
654 2640 680 2668 3,
784 2639 816 2672 b)
840 2640 943 2664 abhinc
970 2642 1132 2664 atramento
1158 2639 1268 2663 att-iore
1290 2639 1428 2669 scriptum
1452 2638 1477 2665 3.
1575 2639 1603 2671 c)
1628 2638 1702 2663 inter

141 2677 233 2701 lineas
252 2683 340 2700 mmm
354 2677 457 2707 prima
479 2676 609 2700 additum
630 2676 654 2703 3.
728 2674 759 2706 d)
772 2676 887 2707 pagina
908 2682 1006 2700 vermes
1024 2675 1059 2699 28
1077 2675 1138 2700 eine
1156 2674 1239 2699 lineis
1257 2674 1380 2706 scriptae
1391 2674 1531 2705 perhibet.

142 2771 176 2813 1)
201 2771 358 2812 Quorum
383 2770 529 2804 nomina
558 2769 692 2812 Reyino
716 2780 750 2802 α.
768 2770 849 2804 897.
872 2769 1026 2812 praebet.
1121 2768 1157 2810 2)
1180 2767 1318 2800 Abhinc
1341 2767 1448 2800 codeoe
1472 2769 1494 2802 3
1518 2767 1703 2811 archetypa·

140 2819 350 2850 auctoritate
383 2818 546 2859 fruitm·,·
581 2827 687 2860 quam
721 2816 762 2850 ob
795 2827 869 2850 rem
902 2819 933 2849 et
967 2815 1137 2857 foliorum
1170 2815 1246 2847 eins
1277 2824 1442 2848 numeros
1473 2815 1510 2847 in
1539 2815 1700 2857 maryine

140 2865 260 2898 notavi
291 2869 334 2907 et,
370 2865 433 2897 ubi
465 2868 590 2897 auctor
614 2874 637 2896 a
663 2864 756 2896 linea
781 2873 871 2896 nova
897 2863 1057 2906 incipiat,
1094 2861 1207 2895 stellis
1239 2861 1405 2897 indicavi.
1525 2862 1561 2904 3)
1584 2861 1701 2895 Mense

141 2911 255 2951 Iulio,·
280 2912 325 2953 cf.
343 2911 507 2945 chartam
525 2911 606 2944 inde
624 2911 693 2946 lul.
710 2911 765 2946 14.
790 2910 913 2943 datam
939 2909 1096 2952 (Mahlb.
1116 2909 1238 2950 1882),
1266 2908 1453 2941 Dermler
1468 2908 1540 2951 III,
1564 2920 1600 2952 2).
1618 2909 1698 2943 457.

141 2959 177 3000 4)
200 2959 327 3000 Reqen.

1369 3025 1413 3061 9*
