2020 3358
461 321 712 369 (AUCTORE
737 321 1108 367 ROEGINHARDO).
1157 323 1203 360 A.
1229 325 1428 360 885-887.
1655 326 1725 361 105

168 446 264 487 lino
305 447 352 487 et
389 444 526 486 foeno
566 443 818 485 evacuavit.
880 442 1032 484 Padus
1073 456 1251 497 quoque
1291 444 1339 484 in
1378 444 1517 486 Italia
1558 444 1725 486 similia

167 504 330 547 fecisse
361 502 640 558 perhibetur.

310 562 467 604 Mense
489 561 611 602 Iulio
642 561 889 615 imperator
921 574 1024 602 cum
1055 560 1147 602 suis
1171 559 1451 614 colloquium
1481 560 1645 601 habuit
1676 561 1724 602 in
1738 576 1794 604 Iul.

167 621 282 663 urbe
312 619 532 662 Mettensi
571 621 618 661 et
648 619 755 661 inde
770 618 786 644 1
817 621 977 661 contra
1007 619 1051 660 N
1053 619 1328 661 ordmannos
1368 618 1600 673 profectus
1641 621 1724 660 est.

169 679 261 721 Ubi
274 680 290 704 ²
321 679 430 720 dum
461 678 698 732 aliquanto
737 680 942 733 tempore
973 679 1239 727 moraretur,
1273 676 1485 719 Heimrih
1518 689 1666 719 comes
1699 690 1726 718 a

167 739 260 780 suis
283 738 488 780 desertus
521 739 568 779 et
600 736 657 778 ab
679 736 888 778 hostibus
911 737 1219 778 circumdatus
1241 736 1478 778 occiditur.
1540 735 1726 777 Interea
1738 750 1825 782 (Aug.
1835 750 1890 781 28).

169 796 360 850 sigifrid
401 809 505 838 cum
543 808 711 850 magna
750 795 1050 837 multitudine
1081 794 1483 837 Nordmannorum
1520 793 1723 843 caeteris,

168 855 246 909 qui
285 854 350 896 ibi
389 854 670 904 residebant,
721 854 942 895 auxilium
985 853 1164 895 laturus
1203 853 1330 895 venit
1371 866 1423 894 ac
1464 852 1725 894 christianis

168 927 386 967 magnum
424 913 586 954 intulit
624 914 812 954 metum.
874 912 1009 954 Unde
1048 913 1296 967 imperator
1333 911 1602 966 perterritus
1633 911 1725 965 qui-

167 971 361 1013 busdam
392 985 472 1026 per
503 971 820 1025 Burgundiam
850 971 1049 1026 vagandi
1089 971 1325 1013 licentiam
1365 970 1505 1020 dedit,
1546 969 1846 1023 quibus-(Nov.).

166 1031 274 1072 dam
305 1030 549 1085 plurimam
580 1030 787 1085 promisit
826 1030 1079 1085 pecuniam,
1122 1030 1160 1072 si
1191 1043 1219 1071 a
1247 1042 1390 1083 regno
1422 1029 1518 1070 eius
1550 1030 1726 1070 statuto

167 1089 288 1131 inter
329 1102 404 1130 eos
443 1091 648 1143 tempore
689 1089 978 1131 discederent
990 1088 1018 1127 3.
1093 1088 1198 1143 Ipse
1238 1101 1344 1130 vero
1391 1087 1498 1129 inde
1545 1086 1725 1128 concito

168 1148 314 1201 gradu
344 1148 394 1188 in
426 1147 651 1189 Alsatiam
682 1159 729 1189 se
760 1147 935 1202 recepit
965 1146 1119 1201 ibique
1160 1159 1240 1201 per
1270 1146 1424 1201 plures
1457 1146 1552 1187 dies
1583 1145 1726 1186 iacuit

169 1208 381 1260 aegrotus
395 1206 423 1246 ⁴.

868 1294 884 1312 *
896 1294 997 1341 887.

310 1368 785 1411 DCCOLXXXVII.a
852 1368 1013 1411 Hiems
1051 1381 1210 1424 aspera
1242 1370 1289 1410 et
1320 1368 1455 1410 solito
1486 1367 1723 1423 prolixi0r;

168 1428 306 1469 boum
338 1440 516 1481 quoque
548 1430 595 1469 et
626 1428 778 1469 ovium
818 1427 1083 1482 pestilentia
1122 1440 1259 1482 supra
1297 1427 1484 1468 modum
1520 1428 1727 1480 grassata

168 1489 238 1528 est
268 1486 316 1527 in
339 1486 544 1534 Francia,
578 1486 645 1527 ita
675 1488 728 1527 ut
759 1498 876 1540 pene
907 1485 1038 1527 nulla
1069 1485 1272 1528 eiusdem
1303 1485 1481 1539 generis
1508 1485 1726 1527 animalia

166 1544 548 1598 relinquerentur.

309 1603 566 1657 Imperator
607 1615 711 1643 cum
750 1602 843 1644 suis
885 1602 1164 1656 colloquium
1204 1601 1369 1644 habuit
1409 1602 1458 1643 in
1487 1601 1844 1652 Weibilin-(Apr.).

166 1661 306 1716 gon⁵3
350 1661 427 1715 qui
467 1661 625 1715 priscis
664 1661 959 1716 temporibus,
1002 1661 1050 1702 id
1091 1663 1159 1703 est
1200 1674 1255 1702 ex
1295 1674 1384 1714 quo
1423 1673 1503 1703 rex
1541 1660 1590 1701 in
1622 1660 1725 1702 Ala-

166 1721 352 1762 mannia
383 1720 661 1761 constitutus
693 1722 775 1770 est,
814 1720 1043 1773 quendam
1074 1720 1130 1761 de
1162 1719 1254 1761 suis
1286 1733 1342 1761 ex
1371 1719 1527 1760 infimo
1559 1732 1724 1773 genere

165 1780 327 1820 natum
348 1778 532 1820 nomine
550 1773 881 1819 Liutwartumb
910 1791 1047 1833 supra
1067 1791 1236 1828 omnes,
1260 1777 1339 1832 qui
1360 1779 1491 1819 erant
1511 1777 1560 1818 in
1582 1791 1722 1831 regno

166 1850 261 1886 suo,
295 1836 528 1886 exaltavit,
562 1836 629 1878 ita
659 1839 713 1877 ut
734 1837 895 1887 Aman,
930 1837 1058 1878 cuius
1079 1836 1252 1878 mentio
1283 1835 1410 1878 facta
1432 1838 1501 1878 est
1531 1836 1580 1877 in
1605 1835 1723 1878 libro

165 1895 347 1945 Hester,
381 1898 428 1937 et
458 1895 642 1937 nomine
675 1897 722 1937 et
754 1895 981 1949 dignitate
1003 1894 1313 1950 praecelleret.
1366 1894 1455 1936 Ille
1477 1895 1599 1936 enim
1619 1896 1724 1949 post

165 1967 319 2008 regem
351 1954 601 1996 Assuerum
632 1955 731 1996 erat
762 1954 999 2003 secundus,
1042 1954 1128 1995 iste
1160 1966 1266 1995 vero
1306 1953 1430 2008 prior
1460 1953 1723 2007 imperatori

167 2015 214 2054 et
247 2012 349 2067 plus
381 2026 518 2066 quam
548 2013 795 2067 imperator
835 2012 892 2054 ab
924 2011 1135 2054 omnibus
1175 2011 1488 2053 honorabatur
1519 2014 1566 2053 et
1595 2011 1723 2053 time-

166 2071 316 2112 batur.
378 2071 498 2112 Nam
537 2071 924 2113 nobilissimorum
963 2070 1080 2112 filias
1117 2071 1167 2111 in
1197 2069 1474 2111 Alamannia
1504 2072 1551 2111 et
1583 2069 1723 2111 Italia

165 2129 296 2171 nullo
319 2130 661 2171 contradicente
682 2130 836 2184 rapuit
867 2129 1050 2183 suisque
1075 2129 1340 2184 propinquis
1361 2130 1559 2183 nuptum
1581 2128 1721 2170 dedit.

167 2187 257 2239 Qui
289 2188 430 2230 etiam
460 2188 519 2229 ad
548 2190 730 2230 tantam
751 2188 992 2243 devolutus
1015 2190 1084 2230 est
1106 2187 1400 2237 stultitiame,
1433 2187 1570 2228 immo
1602 2199 1722 2228 vesa-

166 2247 303 2296 niam,
343 2249 397 2288 ut
437 2247 765 2289 monasterium
804 2246 1063 2302 puellarum
1098 2246 1148 2287 in
1179 2245 1335 2287 Brixia
1366 2245 1551 2287 civitate
1583 2245 1723 2286 situm

165 2306 404 2347 invaderet
451 2307 498 2347 et
543 2318 624 2360 per
669 2306 885 2359 quosdam
936 2305 1104 2347 amicos
1150 2318 1253 2346 suos
1300 2303 1442 2346 filiam
1488 2303 1722 2345 Unruochi

166 2364 374 2405 comitis⁶
404 2364 706 2419 propinquam
736 2363 1023 2419 imperatoris
1054 2363 1099 2405 vi
1136 2364 1318 2418 raperet
1355 2375 1524 2417 suoque
1564 2362 1721 2416 nepoti

165 2422 212 2463 in
253 2423 514 2476 coniugium
553 2423 696 2464 daret.
759 2421 1138 2464 Sanctimoniales
1170 2435 1276 2464 vero
1308 2421 1511 2463 eiusdem
1542 2420 1630 2461 loci
1663 2420 1722 2461 ad

165 2537 195 2595 εἰ
216 2535 456 2594 ΒΟΟΞΒΧΧΧῩ.
475 2536 553 2566 cod.,·
572 2537 610 2567 ct.
629 2544 656 2563 α.
674 2536 736 2564 868.
831 2535 862 2566 b)
881 2534 1085 2562 liutuuardum
1105 2536 1182 2566 cod.,·
1201 2536 1238 2566 ct.
1253 2543 1285 2566 p.
1299 2535 1350 2560 103
1369 2537 1393 2558 e!
1415 2534 1475 2562 106.
1575 2535 1602 2564 c)
1622 2533 1722 2559 stulti-

166 2578 182 2595 c
196 2578 242 2596 am
262 2578 294 2595 co
316 2591 322 2597 .

167 2666 202 2706 1)
225 2664 281 2697 Ab
299 2664 413 2698 odone
429 2665 549 2698 comite
565 2664 791 2698 Parisiorum
809 2669 958 2706 vocatus,
985 2665 1048 2708 qui
1066 2664 1157 2697 clam
1182 2674 1226 2697 ex
1249 2664 1334 2697 urbe
1358 2663 1492 2697 obsessa
1516 2666 1718 2704 excesserat,

165 2715 205 2743 ut
229 2712 274 2744 ab
298 2713 510 2755 imperator?
533 2711 716 2744 auxilium
735 2715 875 2755 peteret.
987 2712 1024 2754 2)
1048 2711 1237 2752 Car-isiaci,
1267 2711 1359 2743 unde
1384 2710 1591 2744 Ham-icum
1613 2719 1719 2753 prae-

165 2759 283 2798 misia·
318 2759 389 2801 ipse
416 2758 556 2792 Octobri
586 2758 723 2791 demum
749 2758 911 2791 Parisios
944 2758 1093 2792 advenit.
1213 2758 1249 2799 3)
1278 2757 1468 2800 Utrumque
1490 2756 1616 2789 eisdem
1640 2766 1720 2789 con-

164 2815 295 2838 cess-um
319 2816 389 2838 esse
406 2806 502 2840 Ann.
522 2805 657 2840 Vadaet.
683 2809 714 2838 et
731 2805 827 2838 Abho
850 2805 1021 2846 referunt.
1117 2805 1154 2846 4)
1178 2802 1364 2838 Scletistat
1386 2802 1526 2847 palacio
1551 2806 1721 2846 quattuor

165 2851 363 2895 diplomata
387 2863 421 2885 a.
439 2853 520 2888 887.
546 2852 626 2885 Ian.
646 2852 701 2887 15.
726 2852 812 2885 data
837 2855 941 2891 sunt,·
967 2850 1199 2884 Mahlbaoher
1226 2851 1469 2886 1693-1696.
1543 2850 1579 2891 5)
1603 2849 1719 2882 Waib-

166 2897 307 2940 linqen:
331 2900 377 2940 cf.
403 2899 534 2941 Stalin,
563 2898 757 2934 ‘Wirtemb.
785 2898 919 2933 Gesch!
944 2898 975 2940 I,
1000 2910 1036 2942 p.
1062 2899 1143 2940 261,
1171 2908 1204 2933 n.
1227 2898 1260 2932 6.
1357 2898 1393 2940 6)
1415 2897 1564 2930 Fratris
1590 2895 1720 2929 Beren-

164 2946 266 2986 9arii
288 2946 409 2986 ducc’s,·
433 2947 478 2988 cf.
504 2946 608 2988 infra
635 2946 771 2980 Contin.
799 2946 931 2980 Baiow.
957 2946 1038 2981 883.
1063 2949 1094 2978 et
1117 2945 1200 2987 886,
1228 2944 1413 2978 Dammler
1437 2943 1510 2986 III,
1533 2954 1571 2987 p.
1589 2943 1670 2978 276.
