2020 3358
830 271 1137 311 PRAEFATIO.
1688 274 1769 311 VH

204 400 252 438 ut
289 394 335 437 hi
373 393 458 448 ipsi
495 393 759 447 eliqerentur,
807 393 957 447 quibus
996 407 1140 435 rerum
1179 394 1400 437 Ludowiei
1438 395 1551 449 re9is
1588 394 1769 449 scriptor

205 453 384 497 annales
412 466 510 494 suos
540 451 760 495 orientalis
789 451 911 518 requi
941 451 1149 494 maximos
1179 453 1426 495 adnecteret.

349 511 624 554 Secundae
667 510 858 566 partis
908 514 1055 554 auctor
1098 511 1358 554 Ruodolfus
1409 510 1480 553 ille
1526 512 1768 555 Fuldensis

206 571 413 614 coenobii
444 570 681 626 presbylver
713 573 760 613 et
789 571 1042 612 monachus
1081 569 1168 622 fuit
1205 584 1246 612 a.
1280 573 1381 612 865.
1413 570 1552 612 Mart.
1585 575 1625 612 8.
1663 584 1769 612 mor-

204 633 311 682 tuus,
345 642 465 682 quem
494 628 621 671 etiam
646 628 767 671 Vitae
789 629 834 671 S.
856 627 1016 670 Liobae
1050 625 1152 679 (SS.
1178 628 1306 683 XV),
1339 627 1440 671 libri
1470 630 1520 671 de
1548 628 1770 672 miraculis

203 692 444 730 sanctorum
475 687 523 730 in
543 687 738 730 ecclesias
757 687 994 730 Fuldenses
1014 687 1320 729 translatorum
1343 685 1445 738 (SS.
1471 686 1585 742 XV)
1614 687 1769 729 Trans-

204 746 456 800 lationisque
478 747 523 789 S.
545 746 790 789 Alexandri
821 743 924 797 (SS.
949 746 1012 787 II
1000 748 1027 800 )
1052 745 1197 800 partis
1219 745 1386 800 prioris
1416 750 1627 788 auctorem
1656 746 1768 788 novi-

203 820 309 848 mus.
372 806 431 848 In
461 806 572 848 hanc
601 805 735 859 iyitur
755 809 926 859 partem
956 818 1107 847 nomen
1133 804 1375 847 Annalium
1395 804 1677 847 Fuldensium
1706 805 1770 847 ‘cel

205 864 354 918 optime
391 865 586 918 quadrat,
628 863 830 918 quoniam
868 863 1060 917 scriptor,
1102 863 1178 906 etsi
1217 877 1310 905 eum
1348 863 1479 906 annis
1519 867 1767 906 847—859.

195 923 443 977 plerumque
473 923 739 977 Mogontiaci
769 922 1023 966 habitavisse
1045 922 1266 977 probabile
1296 926 1367 976 est,
1405 926 1546 965 tamen
1575 926 1614 965 et
1643 927 1769 965 antea

204 986 243 1024 et
263 986 412 1035 postea
443 986 565 1035 atque
603 982 730 1024 etiam
765 981 879 1024 inter
909 981 984 1023 hos
1014 995 1152 1039 annos
1181 980 1351 1035 saepius
1380 981 1549 1024 Fuldae
1578 985 1769 1024 versatus

203 1055 289 1083 esse
320 1045 359 1083 et
389 1040 532 1083 omnia
562 1041 652 1093 fere
682 1040 743 1082 ibi
772 1040 938 1084 videtur
964 1040 1194 1094 scripsisse.
1253 1041 1413 1083 Tamen
1443 1040 1545 1083 haec
1566 1054 1677 1094 pars
1705 1040 1769 1082 ita

203 1113 290 1142 non
318 1099 387 1142 sui
418 1103 581 1142 tantum
605 1099 853 1142 monasterii
883 1113 951 1141 res
980 1103 1146 1153 spectat,
1178 1103 1226 1141 ut
1254 1099 1363 1153 reyii
1383 1098 1530 1153 potius
1549 1099 1768 1142 Franciae

204 1158 424 1201 orientalis
453 1159 633 1201 annales
663 1158 831 1201 dicendi
860 1158 959 1200 sint.
1023 1159 1142 1200 Nam
1161 1157 1342 1212 scriptor
1372 1172 1464 1201 cum
1489 1157 1612 1212 reyni
1640 1157 1767 1212 reyis-

204 1231 282 1271 que
311 1217 478 1270 neyotia
508 1217 572 1260 vel
600 1217 782 1259 maoeime
819 1221 952 1270 curat,
994 1221 1081 1259 tum
1111 1217 1202 1271 ipso
1232 1230 1328 1271 reye
1358 1216 1636 1269 familiariter
1665 1230 1768 1259 usus

204 1280 243 1318 et
272 1277 324 1319 ab
355 1276 428 1318 illo
459 1276 610 1329 eisque,
643 1276 717 1329 qui
748 1275 863 1319 circa
892 1275 1013 1318 illum
1043 1279 1178 1329 erant,
1211 1277 1261 1318 de
1292 1275 1495 1329 omnibus,
1527 1289 1634 1329 quae
1655 1289 1767 1329 yere-

205 1336 370 1387 bantur,
405 1335 556 1378 certior
585 1335 725 1387 factus
747 1334 947 1388 partibus
976 1333 1089 1388 reyis
1118 1348 1280 1399 semper
1309 1334 1449 1387 favet,·
1488 1338 1612 1387 atque
1641 1334 1768 1376 etiam

203 1393 372 1435 hortatu
416 1393 535 1435 illius
579 1393 744 1435 videtur
783 1407 886 1446 opus
924 1407 1047 1435 suum
1085 1392 1314 1447 suscepisse
1353 1392 1635 1446 auspiciisque
1677 1392 1767 1435 eius

192 1451 435 1504 perfecisse.

343 1510 627 1564 Archetypum
658 1510 845 1563 Rudolfi,
888 1509 957 1552 cui
986 1510 1156 1552 Fuldae
1195 1509 1444 1564 amoendiees
1473 1511 1679 1563 quaedam
1709 1511 1770 1553 ad

201 1582 338 1611 annos
369 1573 470 1612 864.
502 1573 541 1611 et
572 1573 671 1611 865.
705 1568 966 1623 pertinentes
1005 1568 1230 1612 adiunctae
1260 1569 1457 1611 videntur
1486 1582 1584 1623 esse,
1617 1569 1764 1623 periit,

201 1641 332 1680 neque
371 1628 558 1681 exempla
597 1627 688 1670 eius
727 1632 917 1681 exstant,·
956 1629 1030 1670 sed
1068 1643 1108 1670 a.
1143 1631 1243 1670 897.
1284 1627 1333 1670 in
1363 1628 1594 1670 Altahense
1622 1642 1765 1670 mona·

200 1686 373 1729 sterium
395 1688 611 1740 perlatum
631 1702 659 1729 a
680 1686 859 1730 librario
879 1686 1129 1730 Altahensis
1161 1686 1315 1730 codicis
1335 1686 1480 1741 primo
1511 1700 1605 1730 cum
1629 1686 1765 1730 codiee

201 1745 501 1788 Ratisbonensi
531 1745 687 1788 amisso
718 1745 913 1789 collatum
943 1750 1015 1788 est.

348 1804 587 1847 Tertiam
638 1804 776 1859 operis
812 1809 1027 1859 partem
1072 1820 1100 1847 a
1146 1804 1435 1859 Meqinhardo
1479 1805 1637 1858 eodem,
1691 1804 1765 1858 qui

206 1863 546 1906 Translationem
576 1864 621 1906 S.
652 1863 896 1906 Aleoeandri
926 1878 955 1906 a
986 1863 1174 1916 Rudolfo
1205 1863 1413 1918 inceptam
1433 1863 1627 1918 perfecit,
1660 1863 1763 1906 Ful-

200 1922 320 1964 (lensi
358 1923 560 1965 monacho
600 1937 641 1964 a.
675 1926 775 1964 888.
821 1926 1002 1976 mortuo,
1050 1922 1150 1965 inde
1189 1924 1242 1965 ab
1281 1937 1323 1964 a.
1357 1926 1457 1964 869.
1497 1921 1764 1976 Moyontiaci

200 1981 478 2046 conscriptam
508 1995 594 2024 esse
615 1981 816 2034 Rethfeld
845 1981 872 2023 l.
895 1981 922 2023 l.
948 1981 1239 2035 comprobavit.
1301 1981 1433 2024 Hanc
1462 1981 1653 2035 scriptor,
1686 1980 1763 2023 etsi

199 2039 385 2090 forsitan
415 2039 504 2093 ipse
533 2039 782 2094 appendices
806 2039 906 2082 illas
926 2040 1102 2093 Rudolft
1134 2039 1240 2083 libro
1261 2039 1473 2093 adiecerit,
1506 2044 1646 2082 tamen
1675 2053 1762 2082 non

199 2097 331 2140 eidem
361 2098 494 2141 codici
524 2098 735 2152 adiunxit,
776 2100 851 2141 sed
884 2103 1014 2141 totum
1050 2113 1152 2153 opus
1182 2100 1232 2142 de
1262 2099 1425 2153 inteyro
1454 2098 1636 2153 scripsit,
1676 2099 1761 2151 for-

199 2160 308 2199 tasse
339 2161 564 2211 propterea
603 2159 715 2211 quod
751 2172 780 2199 a
810 2157 1028 2200 Liutberto
1068 2157 1378 2212 archiepiscopo
1417 2157 1466 2200 in
1503 2157 1762 2212 metropolim

197 2220 367 2258 vocatus
405 2215 488 2259 libr
488 2230 560 2258 um
599 2216 847 2267 monasterii
883 2216 985 2259 illue
1024 2217 1198 2269 auferre
1236 2230 1325 2259 non
1355 2216 1509 2271 potuit.
1585 2217 1674 2270 Quo
1712 2216 1761 2258 in

198 2274 515 2318 transcribendo
555 2289 648 2318 cum
686 2275 735 2318 in
765 2275 896 2318 annis
927 2279 1027 2318 856.
1059 2279 1098 2318 et
1128 2279 1228 2318 863.
1260 2290 1406 2330 pauca
1443 2275 1632 2329 mutavit,
1674 2279 1761 2317 tum

198 2332 398 2386 epistulas
427 2333 476 2376 in
501 2335 589 2386 fine
610 2334 780 2377 additas
802 2334 1092 2388 praetermisit
1105 2335 1120 2360 ¹
1150 2338 1189 2377 et
1218 2334 1467 2389 appendices
1488 2348 1627 2388 paene
1653 2338 1761 2376 totas

198 2391 247 2434 in
277 2406 408 2434 novas
437 2393 602 2444 formas
631 2392 801 2447 redeqit,
833 2395 908 2436 sed
936 2393 1145 2436 rationem
1175 2393 1388 2436 scribendi
1417 2392 1480 2436 ita
1500 2393 1549 2436 in
1569 2392 1761 2435 omnibus

198 2450 390 2504 servavit,
422 2455 468 2493 ut
497 2453 680 2494 secunda
703 2466 813 2506 pars
843 2456 882 2494 et
911 2452 1037 2494 tertia
1057 2466 1186 2506 usque
1206 2454 1266 2495 ad
1284 2467 1325 2494 a.
1349 2456 1448 2494 882.
1471 2466 1611 2506 paene
1630 2451 1761 2494 unius

199 2507 335 2561 operis
373 2509 546 2574 speciem
574 2511 822 2564 praebeant.
890 2512 1154 2577 Quamquam
1186 2511 1298 2554 enim
1329 2510 1644 2565 Meyinhardus
1673 2524 1759 2553 non

198 2570 285 2608 tam
314 2567 426 2621 reyis
455 2581 581 2621 quam
610 2569 913 2624 archiepiscopi
937 2570 1141 2624 auspiciis
1160 2570 1325 2613 videtur
1344 2583 1573 2623 scripsisse
1605 2573 1757 2622 tamen,

199 2670 234 2714 1)
256 2670 337 2704 Has
360 2671 532 2715 epistulas
564 2673 604 2706 in
636 2673 825 2717 archetypo
858 2674 1026 2708 secundae
1055 2675 1178 2718 partis
1209 2674 1320 2716 fuisse
1347 2677 1380 2707 et
1402 2673 1506 2707 verba
1530 2671 1758 2717 Seripturam

197 2719 320 2751 autem
345 2717 533 2762 utriusque
563 2718 676 2763 partis
701 2719 861 2763 quisquis
887 2720 1049 2755 curiosus
1074 2720 1166 2756 scire
1189 2719 1356 2764 voluerit,
1390 2719 1429 2754 in
1459 2719 1642 2754 nonnullis
1667 2718 1758 2754 Ger-

196 2764 339 2799 maniae
363 2764 452 2799 locis
476 2765 612 2810 poterit
635 2765 798 2800 invenire
821 2767 868 2801 ab
883 2772 1025 2802 auctore
1048 2770 1173 2802 tertiae
1192 2778 1263 2812 pro
1286 2769 1337 2802 eis
1355 2769 1476 2812 posita
1499 2778 1581 2810 esse,
1606 2768 1683 2802 eius
1705 2768 1760 2801 rei

203 2812 242 2845 V.
261 2812 313 2847 Cl.
334 2812 506 2847 Bresslau
531 2813 593 2847 hoc
617 2823 750 2857 quoque
772 2819 1020 2857 armamentum
1045 2815 1190 2858 benique
1213 2814 1306 2848 mihi
1327 2815 1576 2868 suppeditavit,
1602 2815 1695 2859 quod
1718 2815 1757 2847 in

196 2859 265 2901 fine
297 2861 388 2893 anni
410 2860 492 2895 876.
526 2861 644 2894 simili
674 2861 775 2894 modo
807 2862 963 2896 dicitur.-
997 2860 1107 2896 Cuius
1142 2861 1359 2898 sacramenti
1392 2863 1514 2897 textus
1547 2860 1758 2896 theutonica

196 2905 319 2951 lingua
343 2906 568 2952 conscriptus
590 2907 630 2942 in
654 2907 837 2942 nonnullis
861 2907 949 2943 loeis
974 2907 1139 2945 habetur.
