<?xml version="1.0" encoding="UTF-8"?>
<!DOCTYPE html PUBLIC "-//W3C//DTD XHTML 1.0 Transitional//EN"
    "http://www.w3.org/TR/xhtml1/DTD/xhtml1-transitional.dtd">
<html xmlns="http://www.w3.org/1999/xhtml" xml:lang="en" lang="en">
 <head>
  <title>
</title>
<meta http-equiv="Content-Type" content="text/html;charset=utf-8" />
  <meta name='ocr-system' content='tesseract 3.04.00' />
  <meta name='ocr-capabilities' content='ocr_page ocr_carea ocr_par ocr_line ocrx_word'/>
</head>
<body>
  <div class='ocr_page' id='page_1' title='image "./annalesfuldenses00einhuoft_0038.png"; bbox 0 0 2020 3358; ppageno 0'>
   <div class='ocr_carea' id='block_1_1' title="bbox 320 303 1520 350">
    <p class='ocr_par' dir='ltr' id='par_1_1' title="bbox 320 303 1520 350">
     <span class='ocr_line' id='line_1_1' title="bbox 320 303 1520 350; baseline -0.003 -7"><span class='ocrx_word' id='word_1_1' title='bbox 320 308 364 343; x_wconf 86' lang='lat'><strong>16</strong></span> <span class='ocrx_word' id='word_1_2' title='bbox 677 303 797 341; x_wconf 75' lang='lat' dir='ltr'><strong>ANN.</strong></span> <span class='ocrx_word' id='word_1_3' title='bbox 820 303 966 341; x_wconf 70' lang='lat' dir='ltr'><strong>rum.</strong></span> <span class='ocrx_word' id='word_1_4' title='bbox 991 304 1124 340; x_wconf 76' lang='lat' dir='ltr'>PARS</span> <span class='ocrx_word' id='word_1_5' title='bbox 1147 303 1180 341; x_wconf 92' lang='lat'><strong>1.</strong></span> <span class='ocrx_word' id='word_1_6' title='bbox 1202 303 1520 350; x_wconf 68' lang='lat' dir='ltr'><strong>(samems‘r.)</strong></span> 
     </span>
    </p>
   </div>
   <div class='ocr_carea' id='block_1_2' title="bbox 96 421 1924 2335">
    <p class='ocr_par' dir='ltr' id='par_1_2' title="bbox 96 421 1924 2335">
     <span class='ocr_line' id='line_1_2' title="bbox 317 421 1870 467; baseline 0.001 -10"><span class='ocrx_word' id='word_1_7' title='bbox 317 421 485 458; x_wconf 80' lang='lat' dir='ltr'><strong>Romam.</strong></span> <span class='ocrx_word' id='word_1_8' title='bbox 534 421 650 456; x_wconf 98' lang='lat' dir='ltr'><strong>Causa</strong></span> <span class='ocrx_word' id='word_1_9' title='bbox 674 421 849 456; x_wconf 86' lang='lat' dir='ltr'><strong>adventus</strong></span> <span class='ocrx_word' id='word_1_10' title='bbox 874 422 950 456; x_wconf 88' lang='lat' dir='ltr'><strong>eius</strong></span> <span class='ocrx_word' id='word_1_11' title='bbox 974 421 1092 457; x_wconf 76' lang='lat' dir='ltr'><strong>haec·</strong></span> <span class='ocrx_word' id='word_1_12' title='bbox 1120 425 1218 457; x_wconf 87' lang='lat' dir='ltr'><strong>erat:</strong></span> <span class='ocrx_word' id='word_1_13' title='bbox 1250 422 1430 466; x_wconf 84' lang='lat' dir='ltr'><strong>perlatum</strong></span> <span class='ocrx_word' id='word_1_14' title='bbox 1461 425 1515 457; x_wconf 90' lang='lat' dir='ltr'><strong>est</strong></span> <span class='ocrx_word' id='word_1_15' title='bbox 1545 422 1591 457; x_wconf 89' lang='lat' dir='ltr'><strong>ad</strong></span> <span class='ocrx_word' id='word_1_16' title='bbox 1615 423 1870 467; x_wconf 74' lang='lat' dir='ltr'><strong>imperatorem</strong></span> 
     </span>
     <span class='ocr_line' id='line_1_3' title="bbox 319 467 1870 515; baseline 0.001 -12"><span class='ocrx_word' id='word_1_17' title='bbox 319 470 453 504; x_wconf 78' lang='lat' dir='ltr'><strong>aestate</strong></span> <span class='ocrx_word' id='word_1_18' title='bbox 477 468 673 514; x_wconf 84' lang='lat' dir='ltr'><strong>praeterita</strong></span> <span class='ocrx_word' id='word_1_19' title='bbox 697 467 830 504; x_wconf 86' lang='lat' dir='ltr'><strong>Christi</strong></span> <span class='ocrx_word' id='word_1_20' title='bbox 854 468 1066 514; x_wconf 79' lang='lat' dir='ltr'><strong>sanguinem</strong></span> <span class='ocrx_word' id='word_1_21' title='bbox 1098 468 1135 503; x_wconf 92' lang='lat' dir='ltr'><strong>in</strong></span> <span class='ocrx_word' id='word_1_22' title='bbox 1159 467 1314 504; x_wconf 79' lang='lat' dir='ltr'><strong>Mantua</strong></span> <span class='ocrx_word' id='word_1_23' title='bbox 1346 469 1490 504; x_wconf 78' lang='lat' dir='ltr'><strong>civitate</strong></span> <span class='ocrx_word' id='word_1_24' title='bbox 1524 469 1632 504; x_wconf 89' lang='lat' dir='ltr'><strong>fuisse</strong></span> <span class='ocrx_word' id='word_1_25' title='bbox 1664 473 1870 515; x_wconf 78' lang='lat' dir='ltr'><strong>repertum3</strong></span> 
     </span>
     <span class='ocr_line' id='line_1_4' title="bbox 318 514 1870 560; baseline 0.001 -10"><span class='ocrx_word' id='word_1_26' title='bbox 318 518 467 560; x_wconf 87' lang='lat' dir='ltr'><strong>propter</strong></span> <span class='ocrx_word' id='word_1_27' title='bbox 490 515 560 550; x_wconf 90' lang='lat' dir='ltr'><strong>hoc</strong></span> <span class='ocrx_word' id='word_1_28' title='bbox 584 515 682 550; x_wconf 90' lang='lat' dir='ltr'><strong>misit</strong></span> <span class='ocrx_word' id='word_1_29' title='bbox 706 515 752 550; x_wconf 89' lang='lat' dir='ltr'><strong>ad</strong></span> <span class='ocrx_word' id='word_1_30' title='bbox 768 526 899 560; x_wconf 89' lang='lat' dir='ltr'><strong>papam</strong></span> <span class='ocrx_word' id='word_1_31' title='bbox 915 518 1054 560; x_wconf 86' lang='lat' dir='ltr'><strong>petens,</strong></span> <span class='ocrx_word' id='word_1_32' title='bbox 1078 518 1120 550; x_wconf 89' lang='lat' dir='ltr'><strong>ut</strong></span> <span class='ocrx_word' id='word_1_33' title='bbox 1135 515 1241 550; x_wconf 88' lang='lat' dir='ltr'><strong>huius</strong></span> <span class='ocrx_word' id='word_1_34' title='bbox 1257 514 1401 550; x_wconf 80' lang='lat' dir='ltr'><strong>famaeb</strong></span> <span class='ocrx_word' id='word_1_35' title='bbox 1423 516 1612 551; x_wconf 82' lang='lat' dir='ltr'><strong>veritatem</strong></span> <span class='ocrx_word' id='word_1_36' title='bbox 1629 516 1870 560; x_wconf 69' lang='lat' dir='ltr'><strong>inquii-erate.</strong></span> 
     </span>
     <span class='ocr_line' id='line_1_5' title="bbox 317 560 1870 608; baseline 0.001 -12"><span class='ocrx_word' id='word_1_37' title='bbox 317 560 416 608; x_wconf 74' lang='lat' dir='ltr'><strong>Qui(¹</strong></span> <span class='ocrx_word' id='word_1_38' title='bbox 446 565 594 607; x_wconf 79' lang='lat' dir='ltr'><strong>accepta</strong></span> <span class='ocrx_word' id='word_1_39' title='bbox 618 562 806 597; x_wconf 74' lang='lat' dir='ltr'><strong>occasione</strong></span> <span class='ocrx_word' id='word_1_40' title='bbox 830 562 985 597; x_wconf 87' lang='lat' dir='ltr'><strong>exeundi</strong></span> <span class='ocrx_word' id='word_1_41' title='bbox 1008 562 1126 606; x_wconf 85' lang='lat' dir='ltr'><strong>primo</strong></span> <span class='ocrx_word' id='word_1_42' title='bbox 1150 562 1188 596; x_wconf 91' lang='lat' dir='ltr'><strong>in</strong></span> <span class='ocrx_word' id='word_1_43' title='bbox 1204 561 1522 608; x_wconf 76' lang='lat' dir='ltr'><strong>Langobardiame</strong></span> <span class='ocrx_word' id='word_1_44' title='bbox 1545 563 1647 607; x_wconf 89' lang='lat' dir='ltr'><strong>quasi</strong></span> <span class='ocrx_word' id='word_1_45' title='bbox 1670 574 1736 607; x_wconf 90' lang='lat' dir='ltr'><strong>pro</strong></span> <span class='ocrx_word' id='word_1_46' title='bbox 1753 563 1870 608; x_wconf 88' lang='lat' dir='ltr'><strong>inqui-</strong></span> 
     </span>
     <span class='ocr_line' id='line_1_6' title="bbox 317 607 1870 654; baseline 0.001 -11"><span class='ocrx_word' id='word_1_47' title='bbox 317 607 473 644; x_wconf 74' lang='lat' dir='ltr'><strong>sitiones</strong></span> <span class='ocrx_word' id='word_1_48' title='bbox 501 608 687 654; x_wconf 88' lang='lat' dir='ltr'><strong>praedicta</strong></span> <span class='ocrx_word' id='word_1_49' title='bbox 709 608 892 653; x_wconf 88' lang='lat' dir='ltr'><strong>profectus</strong></span> <span class='ocrx_word' id='word_1_50' title='bbox 917 611 982 654; x_wconf 87' lang='lat' dir='ltr'><strong>est,</strong></span> <span class='ocrx_word' id='word_1_51' title='bbox 1006 609 1091 644; x_wconf 87' lang='lat' dir='ltr'><strong>inde</strong></span> <span class='ocrx_word' id='word_1_52' title='bbox 1115 612 1261 653; x_wconf 85' lang='lat' dir='ltr'><strong>arrepto</strong></span> <span class='ocrx_word' id='word_1_53' title='bbox 1278 609 1406 644; x_wconf 87' lang='lat' dir='ltr'><strong>itinere</strong></span> <span class='ocrx_word' id='word_1_54' title='bbox 1423 609 1469 644; x_wconf 86' lang='lat' dir='ltr'><strong>ad</strong></span> <span class='ocrx_word' id='word_1_55' title='bbox 1485 609 1740 654; x_wconf 84' lang='lat' dir='ltr'><strong>imperatorem</strong></span> <span class='ocrx_word' id='word_1_56' title='bbox 1757 621 1870 654; x_wconf 85' lang='lat' dir='ltr'><strong>usque</strong></span> 
     </span>
     <span class='ocr_line' id='line_1_7' title="bbox 96 655 1870 700; baseline 0.002 -12"><span class='ocrx_word' id='word_1_57' title='bbox 96 662 305 695; x_wconf 50' lang='lat' dir='ltr'><strong>cni-‚Ismssa</strong></span> <span class='ocrx_word' id='word_1_58' title='bbox 316 655 501 700; x_wconf 77' lang='lat' dir='ltr'><strong>pervenit3</strong></span> <span class='ocrx_word' id='word_1_59' title='bbox 535 667 559 690; x_wconf 94' lang='lat' dir='ltr'><strong>u</strong></span> <span class='ocrx_word' id='word_1_60' title='bbox 569 666 594 690; x_wconf 91' lang='lat' dir='ltr'><strong>n</strong></span> <span class='ocrx_word' id='word_1_61' title='bbox 603 655 628 689; x_wconf 92' lang='lat' dir='ltr'><strong>d</strong></span> <span class='ocrx_word' id='word_1_62' title='bbox 639 666 660 690; x_wconf 91' lang='lat' dir='ltr'><strong>e</strong></span> <span class='ocrx_word' id='word_1_63' title='bbox 693 667 715 690; x_wconf 87' lang='lat' dir='ltr'><strong>a</strong></span> <span class='ocrx_word' id='word_1_64' title='bbox 725 655 748 690; x_wconf 96' lang='lat' dir='ltr'><strong>b</strong></span> <span class='ocrx_word' id='word_1_65' title='bbox 756 666 773 690; x_wconf 89' lang='lat' dir='ltr'><strong>s</strong></span> <span class='ocrx_word' id='word_1_66' title='bbox 783 666 805 690; x_wconf 94' lang='lat' dir='ltr'><strong>o</strong></span> <span class='ocrx_word' id='word_1_67' title='bbox 815 655 827 690; x_wconf 94' lang='lat' dir='ltr'><strong>l</strong></span> <span class='ocrx_word' id='word_1_68' title='bbox 836 667 860 689; x_wconf 98' lang='grc' dir='ltr'><strong>ιι</strong></span> <span class='ocrx_word' id='word_1_69' title='bbox 869 658 918 690; x_wconf 90' lang='grc' dir='ltr'><strong>ιιι</strong></span> <span class='ocrx_word' id='word_1_70' title='bbox 927 667 944 690; x_wconf 90' lang='lat' dir='ltr'><strong>s</strong></span> <span class='ocrx_word' id='word_1_71' title='bbox 976 655 1133 691; x_wconf 89' lang='lat' dir='ltr'><strong>Romam</strong></span> <span class='ocrx_word' id='word_1_72' title='bbox 1165 655 1362 700; x_wconf 82' lang='lat' dir='ltr'><strong>repedavit.</strong></span> <span class='ocrx_word' id='word_1_73' title='bbox 1510 655 1681 691; x_wconf 84' lang='lat' dir='ltr'><strong>Rihbodo</strong></span> <span class='ocrx_word' id='word_1_74' title='bbox 1695 663 1717 689; x_wconf 79' lang='lat'>8</span> <span class='ocrx_word' id='word_1_75' title='bbox 1754 657 1870 692; x_wconf 87' lang='lat' dir='ltr'><strong>archi·</strong></span> 
     </span>
     <span class='ocr_line' id='line_1_8' title="bbox 318 701 1069 747; baseline -0.003 -9"><span class='ocrx_word' id='word_1_76' title='bbox 318 702 505 747; x_wconf 88' lang='lat' dir='ltr'><strong>episcopus</strong></span> <span class='ocrx_word' id='word_1_77' title='bbox 531 701 839 737; x_wconf 82' lang='lat' dir='ltr'><strong>Trevirensis</strong></span> <span class='ocrx_word' id='word_1_78' title='bbox 853 701 875 729; x_wconf 85' lang='lat' dir='ltr'>h</span> <span class='ocrx_word' id='word_1_79' title='bbox 903 702 1069 737; x_wconf 90' lang='lat' dir='ltr'><strong>moritur.</strong></span> 
     </span>
     <span class='ocr_line' id='line_1_9' title="bbox 132 744 1866 785; baseline 0.001 -2"><span class='ocrx_word' id='word_1_80' title='bbox 132 744 306 772; x_wconf 42' lang='lat' dir='ltr'><strong>*hm-⁰²</strong></span> <span class='ocrx_word' id='word_1_81' title='bbox 458 748 630 785; x_wconf 89' lang='lat' dir='ltr'><strong>DCCCV.</strong></span> <span class='ocrx_word' id='word_1_82' title='bbox 678 748 871 784; x_wconf 66' lang='lat' dir='ltr'><strong>carmi-¹</strong></span> <span class='ocrx_word' id='word_1_83' title='bbox 900 748 1020 784; x_wconf 89' lang='lat' dir='ltr'><strong>iunior</strong></span> <span class='ocrx_word' id='word_1_84' title='bbox 1042 749 1081 783; x_wconf 93' lang='lat' dir='ltr'><strong>in</strong></span> <span class='ocrx_word' id='word_1_85' title='bbox 1104 748 1160 783; x_wconf 94' lang='lat' dir='ltr'><strong>Bo</strong></span> <span class='ocrx_word' id='word_1_86' title='bbox 1170 759 1343 783; x_wconf 89' lang='lat' dir='ltr'><strong>emanos</strong></span> <span class='ocrx_word' id='word_1_87' title='bbox 1367 747 1532 784; x_wconf 88' lang='lat' dir='ltr'><strong>Sclavos</strong></span> <span class='ocrx_word' id='word_1_88' title='bbox 1564 760 1648 784; x_wconf 89' lang='lat' dir='ltr'><strong>cum</strong></span> <span class='ocrx_word' id='word_1_89' title='bbox 1676 749 1866 785; x_wconf 71' lang='lat' dir='ltr'><strong>exercituk</strong></span> 
     </span>
     <span class='ocr_line' id='line_1_10' title="bbox 184 779 1869 841; baseline 0.001 -11"><span class='ocrx_word' id='word_1_90' title='bbox 184 779 339 830; x_wconf 67' lang='lat' dir='ltr'><strong>A‘⁸¹⁰³‘a</strong></span> <span class='ocrx_word' id='word_1_91' title='bbox 362 798 500 840; x_wconf 88' lang='lat' dir='ltr'><strong>patre</strong></span> <span class='ocrx_word' id='word_1_92' title='bbox 523 795 652 830; x_wconf 89' lang='lat' dir='ltr'><strong>missus</strong></span> <span class='ocrx_word' id='word_1_93' title='bbox 676 795 900 840; x_wconf 90' lang='lat' dir='ltr'><strong>depopulata</strong></span> <span class='ocrx_word' id='word_1_94' title='bbox 922 794 1199 840; x_wconf 86' lang='lat' dir='ltr'><strong>provincial</strong></span> <span class='ocrx_word' id='word_1_95' title='bbox 1234 806 1392 841; x_wconf 84' lang='lat' dir='ltr'><strong>regem</strong></span> <span class='ocrx_word' id='word_1_96' title='bbox 1417 806 1543 830; x_wconf 85' lang='lat' dir='ltr'><strong>eorum</strong></span> <span class='ocrx_word' id='word_1_97' title='bbox 1567 796 1713 831; x_wconf 91' lang='lat' dir='ltr'><strong>nomine</strong></span> <span class='ocrx_word' id='word_1_98' title='bbox 1729 796 1869 832; x_wconf 85' lang='lat' dir='ltr'><strong>Lecho-</strong></span> 
     </span>
     <span class='ocr_line' id='line_1_11' title="bbox 316 841 1864 887; baseline 0.001 -10"><span class='ocrx_word' id='word_1_99' title='bbox 316 849 439 878; x_wconf 83' lang='lat' dir='ltr'><strong>nemm</strong></span> <span class='ocrx_word' id='word_1_100' title='bbox 463 842 607 879; x_wconf 86' lang='lat' dir='ltr'><strong>occidit.</strong></span> <span class='ocrx_word' id='word_1_101' title='bbox 747 841 934 887; x_wconf 86' lang='lat' dir='ltr'><strong>Capcanus</strong></span> <span class='ocrx_word' id='word_1_102' title='bbox 958 842 1125 887; x_wconf 86' lang='lat' dir='ltr'><strong>princeps</strong></span> <span class='ocrx_word' id='word_1_103' title='bbox 1149 841 1345 876; x_wconf 87' lang='lat' dir='ltr'><strong>Hunorum</strong></span> <span class='ocrx_word' id='word_1_104' title='bbox 1369 842 1485 886; x_wconf 85' lang='lat' dir='ltr'><strong>Aquis</strong></span> <span class='ocrx_word' id='word_1_105' title='bbox 1511 841 1557 876; x_wconf 82' lang='lat' dir='ltr'><strong>ad</strong></span> <span class='ocrx_word' id='word_1_106' title='bbox 1580 842 1864 887; x_wconf 71' lang='lat' dir='ltr'><strong>imperatoremn</strong></span> 
     </span>
     <span class='ocr_line' id='line_1_12' title="bbox 316 888 1869 933; baseline 0 -9"><span class='ocrx_word' id='word_1_107' title='bbox 316 889 415 924; x_wconf 90' lang='lat' dir='ltr'><strong>venit</strong></span> <span class='ocrx_word' id='word_1_108' title='bbox 439 892 504 933; x_wconf 89' lang='lat' dir='ltr'><strong>et,</strong></span> <span class='ocrx_word' id='word_1_109' title='bbox 530 892 579 924; x_wconf 91' lang='grc' dir='ltr'><strong>ιιι</strong></span> <span class='ocrx_word' id='word_1_110' title='bbox 601 889 841 933; x_wconf 88' lang='lat' dir='ltr'><strong>postulavit,</strong></span> <span class='ocrx_word' id='word_1_111' title='bbox 866 889 961 924; x_wconf 88' lang='lat' dir='ltr'><strong>inter</strong></span> <span class='ocrx_word' id='word_1_112' title='bbox 977 888 1190 924; x_wconf 85' lang='lat' dir='ltr'><strong>Sabariam0</strong></span> <span class='ocrx_word' id='word_1_113' title='bbox 1221 892 1258 924; x_wconf 89' lang='lat' dir='ltr'><strong>et</strong></span> <span class='ocrx_word' id='word_1_114' title='bbox 1279 888 1502 923; x_wconf 88' lang='lat' dir='ltr'><strong>Carnontum</strong></span> <span class='ocrx_word' id='word_1_115' title='bbox 1528 889 1725 924; x_wconf 87' lang='lat' dir='ltr'><strong>habitandi</strong></span> <span class='ocrx_word' id='word_1_116' title='bbox 1748 890 1869 925; x_wconf 89' lang='lat' dir='ltr'><strong>locum</strong></span> 
     </span>
     <span class='ocr_line' id='line_1_13' title="bbox 317 934 1869 980; baseline 0 -9"><span class='ocrx_word' id='word_1_117' title='bbox 317 936 527 980; x_wconf 85' lang='lat' dir='ltr'><strong>accepit,</strong></span> <span class='ocrx_word' id='word_1_118' title='bbox 558 946 610 971; x_wconf 91' lang='lat' dir='ltr'><strong>eo</strong></span> <span class='ocrx_word' id='word_1_119' title='bbox 635 935 761 980; x_wconf 88' lang='lat' dir='ltr'><strong>quod</strong></span> <span class='ocrx_word' id='word_1_120' title='bbox 784 934 939 971; x_wconf 87' lang='lat' dir='ltr'><strong>Sclavis</strong></span> <span class='ocrx_word' id='word_1_121' title='bbox 962 935 1268 970; x_wconf 82' lang='lat' dir='ltr'><strong>infestantibus</strong></span> <span class='ocrx_word' id='word_1_122' title='bbox 1291 936 1476 980; x_wconf 88' lang='lat' dir='ltr'><strong>pristinas</strong></span> <span class='ocrx_word' id='word_1_123' title='bbox 1501 935 1620 971; x_wconf 87' lang='lat' dir='ltr'><strong>sedes</strong></span> <span class='ocrx_word' id='word_1_124' title='bbox 1644 936 1869 972; x_wconf 84' lang='lat' dir='ltr'><strong>habitare</strong></span> 
     </span>
     <span class='ocr_line' id='line_1_14' title="bbox 316 982 1869 1028; baseline 0.001 -11"><span class='ocrx_word' id='word_1_125' title='bbox 316 994 390 1018; x_wconf 91' lang='lat' dir='ltr'><strong>non</strong></span> <span class='ocrx_word' id='word_1_126' title='bbox 413 982 570 1027; x_wconf 81' lang='lat' dir='ltr'><strong>potuit3</strong></span> <span class='ocrx_word' id='word_1_127' title='bbox 600 985 679 1018; x_wconf 87' lang='lat' dir='ltr'><strong>erat</strong></span> <span class='ocrx_word' id='word_1_128' title='bbox 703 983 799 1018; x_wconf 89' lang='lat' dir='ltr'><strong>enim</strong></span> <span class='ocrx_word' id='word_1_129' title='bbox 824 982 1038 1017; x_wconf 88' lang='lat' dir='ltr'><strong>christianus</strong></span> <span class='ocrx_word' id='word_1_130' title='bbox 1061 982 1208 1017; x_wconf 91' lang='lat' dir='ltr'><strong>nomine</strong></span> <span class='ocrx_word' id='word_1_131' title='bbox 1233 982 1455 1019; x_wconf 79' lang='lat' dir='ltr'><strong>Theodorus.</strong></span> <span class='ocrx_word' id='word_1_132' title='bbox 1503 982 1594 1028; x_wconf 83' lang='lat' dir='ltr'><strong>Quo</strong></span> <span class='ocrx_word' id='word_1_133' title='bbox 1619 983 1665 1018; x_wconf 90' lang='lat' dir='ltr'><strong>ad</strong></span> <span class='ocrx_word' id='word_1_134' title='bbox 1689 994 1788 1018; x_wconf 89' lang='lat' dir='ltr'><strong>suos</strong></span> <span class='ocrx_word' id='word_1_135' title='bbox 1813 994 1869 1018; x_wconf 88' lang='lat' dir='ltr'><strong>re-</strong></span> 
     </span>
     <span class='ocr_line' id='line_1_15' title="bbox 316 1029 1868 1076; baseline 0.001 -12"><span class='ocrx_word' id='word_1_136' title='bbox 316 1041 453 1064; x_wconf 92' lang='lat' dir='ltr'><strong>verso</strong></span> <span class='ocrx_word' id='word_1_137' title='bbox 485 1032 531 1064; x_wconf 90' lang='lat' dir='ltr'><strong>et</strong></span> <span class='ocrx_word' id='word_1_138' title='bbox 560 1041 652 1064; x_wconf 91' lang='lat' dir='ltr'><strong>non</strong></span> <span class='ocrx_word' id='word_1_139' title='bbox 681 1029 830 1064; x_wconf 89' lang='lat' dir='ltr'><strong>multo</strong></span> <span class='ocrx_word' id='word_1_140' title='bbox 860 1031 969 1074; x_wconf 87' lang='lat' dir='ltr'><strong>post</strong></span> <span class='ocrx_word' id='word_1_141' title='bbox 996 1032 1147 1064; x_wconf 88' lang='lat' dir='ltr'><strong>morte</strong></span> <span class='ocrx_word' id='word_1_142' title='bbox 1170 1032 1436 1074; x_wconf 86' lang='lat' dir='ltr'><strong>praevento</strong></span> <span class='ocrx_word' id='word_1_143' title='bbox 1461 1041 1608 1075; x_wconf 82' lang='lat' dir='ltr'><strong>cagano</strong></span> <span class='ocrx_word' id='word_1_144' title='bbox 1632 1041 1715 1075; x_wconf 88' lang='lat' dir='ltr'><strong>per</strong></span> <span class='ocrx_word' id='word_1_145' title='bbox 1738 1030 1868 1076; x_wconf 81' lang='lat' dir='ltr'><strong>lega-</strong></span> 
     </span>
     <span class='ocr_line' id='line_1_16' title="bbox 316 1075 1868 1121; baseline 0.001 -11"><span class='ocrx_word' id='word_1_146' title='bbox 316 1079 390 1111; x_wconf 92' lang='lat' dir='ltr'><strong>tos</strong></span> <span class='ocrx_word' id='word_1_147' title='bbox 420 1087 528 1111; x_wconf 90' lang='lat' dir='ltr'><strong>suos</strong></span> <span class='ocrx_word' id='word_1_148' title='bbox 558 1075 732 1120; x_wconf 90' lang='lat' dir='ltr'><strong>petenti</strong></span> <span class='ocrx_word' id='word_1_149' title='bbox 763 1076 851 1111; x_wconf 77' lang='lat' dir='ltr'><strong>abl&gt;</strong></span> <span class='ocrx_word' id='word_1_150' title='bbox 881 1076 1107 1120; x_wconf 78' lang='lat' dir='ltr'><strong>imperatore</strong></span> <span class='ocrx_word' id='word_1_151' title='bbox 1140 1087 1398 1110; x_wconf 89' lang='lat' dir='ltr'><strong>concessus</strong></span> <span class='ocrx_word' id='word_1_152' title='bbox 1431 1079 1502 1111; x_wconf 90' lang='lat' dir='ltr'><strong>est</strong></span> <span class='ocrx_word' id='word_1_153' title='bbox 1531 1076 1648 1111; x_wconf 89' lang='lat' dir='ltr'><strong>honor</strong></span> <span class='ocrx_word' id='word_1_154' title='bbox 1671 1077 1868 1121; x_wconf 89' lang='lat' dir='ltr'><strong>antiquus,</strong></span> 
     </span>
     <span class='ocr_line' id='line_1_17' title="bbox 316 1121 1804 1167; baseline 0.001 -10"><span class='ocrx_word' id='word_1_155' title='bbox 316 1134 425 1167; x_wconf 89' lang='lat' dir='ltr'><strong>quem</strong></span> <span class='ocrx_word' id='word_1_156' title='bbox 449 1134 469 1157; x_wconf 91' lang='lat' dir='ltr'><strong>c</strong></span> <span class='ocrx_word' id='word_1_157' title='bbox 538 1133 606 1156; x_wconf 89' lang='lat' dir='ltr'><strong>nus</strong></span> <span class='ocrx_word' id='word_1_158' title='bbox 630 1122 727 1166; x_wconf 89' lang='lat' dir='ltr'><strong>apud</strong></span> <span class='ocrx_word' id='word_1_159' title='bbox 750 1121 881 1157; x_wconf 86' lang='lat' dir='ltr'><strong>Hunos</strong></span> <span class='ocrx_word' id='word_1_160' title='bbox 905 1122 1006 1157; x_wconf 85' lang='lat' dir='ltr'><strong>iuxta</strong></span> <span class='ocrx_word' id='word_1_161' title='bbox 1028 1122 1188 1167; x_wconf 87' lang='lat' dir='ltr'><strong>priscum</strong></span> <span class='ocrx_word' id='word_1_162' title='bbox 1212 1133 1338 1157; x_wconf 89' lang='lat' dir='ltr'><strong>eorum</strong></span> <span class='ocrx_word' id='word_1_163' title='bbox 1362 1123 1473 1157; x_wconf 88' lang='lat' dir='ltr'><strong>ritum</strong></span> <span class='ocrx_word' id='word_1_164' title='bbox 1497 1123 1630 1158; x_wconf 87' lang='lat' dir='ltr'><strong>habere</strong></span> <span class='ocrx_word' id='word_1_165' title='bbox 1655 1123 1804 1159; x_wconf 84' lang='lat' dir='ltr'><strong>solebat.</strong></span> 
     </span>
     <span class='ocr_line' id='line_1_18' title="bbox 143 1164 1870 1215; baseline 0.001 -12"><span class='ocrx_word' id='word_1_166' title='bbox 143 1164 304 1192; x_wconf 77' lang='lat' dir='ltr'><strong>A.Sith.et</strong></span> <span class='ocrx_word' id='word_1_167' title='bbox 455 1168 489 1203; x_wconf 94' lang='lat' dir='ltr'>D</span> <span class='ocrx_word' id='word_1_168' title='bbox 521 1167 649 1205; x_wconf 82' lang='lat' dir='ltr'><strong>CCVI.</strong></span> <span class='ocrx_word' id='word_1_169' title='bbox 697 1168 917 1203; x_wconf 59' lang='lat' dir='ltr'><strong>Fannius-²</strong></span> <span class='ocrx_word' id='word_1_170' title='bbox 940 1169 1043 1215; x_wconf 85' lang='lat' dir='ltr'><strong>regni</strong></span> <span class='ocrx_word' id='word_1_171' title='bbox 1059 1168 1284 1203; x_wconf 82' lang='lat' dir='ltr'><strong>Francorum</strong></span> <span class='ocrx_word' id='word_1_172' title='bbox 1309 1169 1354 1204; x_wconf 92' lang='lat' dir='ltr'><strong>ab</strong></span> <span class='ocrx_word' id='word_1_173' title='bbox 1370 1169 1587 1213; x_wconf 77' lang='lat' dir='ltr'><strong>imperatore</strong></span> <span class='ocrx_word' id='word_1_174' title='bbox 1611 1170 1708 1205; x_wconf 85' lang='lat' dir='ltr'><strong>facta</strong></span> <span class='ocrx_word' id='word_1_175' title='bbox 1730 1170 1769 1204; x_wconf 90' lang='lat' dir='ltr'><strong>in</strong></span> <span class='ocrx_word' id='word_1_176' title='bbox 1783 1170 1870 1205; x_wconf 79' lang='lat' dir='ltr'><strong>villa</strong></span> 
     </span>
     <span class='ocr_line' id='line_1_19' title="bbox 170 1200 1868 1261; baseline 0.001 -11"><span class='ocrx_word' id='word_1_177' title='bbox 170 1200 522 1250; x_wconf 44' lang='lat' dir='ltr'><strong>A.1.au1-.‚Pheodoniffs</strong></span> <span class='ocrx_word' id='word_1_178' title='bbox 555 1215 650 1250; x_wconf 87' lang='lat' dir='ltr'><strong>inter</strong></span> <span class='ocrx_word' id='word_1_179' title='bbox 680 1215 773 1250; x_wconf 91' lang='lat' dir='ltr'><strong>filios</strong></span> <span class='ocrx_word' id='word_1_180' title='bbox 806 1226 900 1259; x_wconf 89' lang='lat' dir='ltr'><strong>suos,</strong></span> <span class='ocrx_word' id='word_1_181' title='bbox 933 1218 976 1250; x_wconf 94' lang='lat' dir='ltr'><strong>ut</strong></span> <span class='ocrx_word' id='word_1_182' title='bbox 998 1215 1107 1250; x_wconf 88' lang='lat' dir='ltr'><strong>sciret</strong></span> <span class='ocrx_word' id='word_1_183' title='bbox 1130 1216 1374 1260; x_wconf 86' lang='lat' dir='ltr'><strong>unusquisque</strong></span> <span class='ocrx_word' id='word_1_184' title='bbox 1406 1227 1426 1250; x_wconf 95' lang='lat' dir='ltr'><strong>e</strong></span> <span class='ocrx_word' id='word_1_185' title='bbox 1437 1226 1553 1260; x_wconf 90' lang='lat' dir='ltr'><strong>orum,</strong></span> <span class='ocrx_word' id='word_1_186' title='bbox 1587 1227 1695 1260; x_wconf 87' lang='lat' dir='ltr'><strong>quam</strong></span> <span class='ocrx_word' id='word_1_187' title='bbox 1726 1219 1868 1261; x_wconf 73' lang='lat' dir='ltr'><strong>partem</strong></span> 
     </span>
     <span class='ocr_line' id='line_1_20' title="bbox 314 1262 1868 1308; baseline 0.001 -11"><span class='ocrx_word' id='word_1_188' title='bbox 314 1262 409 1297; x_wconf 88' lang='lat' dir='ltr'><strong>tueri</strong></span> <span class='ocrx_word' id='word_1_189' title='bbox 434 1265 470 1297; x_wconf 90' lang='lat' dir='ltr'><strong>et</strong></span> <span class='ocrx_word' id='word_1_190' title='bbox 493 1273 620 1308; x_wconf 85' lang='lat' dir='ltr'><strong>regere</strong></span> <span class='ocrx_word' id='word_1_191' title='bbox 650 1262 841 1307; x_wconf 86' lang='lat' dir='ltr'><strong>debuisset,</strong></span> <span class='ocrx_word' id='word_1_192' title='bbox 873 1262 903 1296; x_wconf 89' lang='lat' dir='ltr'><strong>si</strong></span> <span class='ocrx_word' id='word_1_193' title='bbox 931 1265 1071 1307; x_wconf 91' lang='lat' dir='ltr'><strong>pater</strong></span> <span class='ocrx_word' id='word_1_194' title='bbox 1100 1273 1200 1297; x_wconf 91' lang='lat' dir='ltr'><strong>eum</strong></span> <span class='ocrx_word' id='word_1_195' title='bbox 1231 1262 1495 1306; x_wconf 78' lang='lat' dir='ltr'><strong>superstitem</strong></span> <span class='ocrx_word' id='word_1_196' title='bbox 1524 1263 1816 1307; x_wconf 84' lang='lat' dir='ltr'><strong>reliquisset</strong></span> <span class='ocrx_word' id='word_1_197' title='bbox 1834 1270 1868 1300; x_wconf 60' lang='grc' dir='ltr'><strong>Γ.</strong></span> 
     </span>
     <span class='ocr_line' id='line_1_21' title="bbox 315 1309 1867 1354; baseline 0.001 -11"><span class='ocrx_word' id='word_1_198' title='bbox 315 1309 395 1344; x_wconf 79' lang='lat' dir='ltr'><strong>Des</strong></span> <span class='ocrx_word' id='word_1_199' title='bbox 427 1309 495 1344; x_wconf 90' lang='lat' dir='ltr'><strong>hac</strong></span> <span class='ocrx_word' id='word_1_200' title='bbox 518 1309 712 1354; x_wconf 86' lang='lat' dir='ltr'><strong>partitione</strong></span> <span class='ocrx_word' id='word_1_201' title='bbox 737 1311 993 1344; x_wconf 78' lang='lat' dir='ltr'><strong>testamentum</strong></span> <span class='ocrx_word' id='word_1_202' title='bbox 1027 1321 1047 1344; x_wconf 93' lang='lat' dir='ltr'><strong>c</strong></span> <span class='ocrx_word' id='word_1_203' title='bbox 1057 1320 1113 1344; x_wconf 93' lang='lat' dir='ltr'><strong>on</strong></span> <span class='ocrx_word' id='word_1_204' title='bbox 1123 1320 1139 1344; x_wconf 89' lang='lat' dir='ltr'><strong>s</strong></span> <span class='ocrx_word' id='word_1_205' title='bbox 1149 1321 1169 1344; x_wconf 95' lang='lat' dir='ltr'><strong>c</strong></span> <span class='ocrx_word' id='word_1_206' title='bbox 1179 1309 1252 1353; x_wconf 89' lang='lat' dir='ltr'><strong>rip</strong></span> <span class='ocrx_word' id='word_1_207' title='bbox 1262 1312 1341 1343; x_wconf 91' lang='lat' dir='ltr'><strong>tum</strong></span> <span class='ocrx_word' id='word_1_208' title='bbox 1366 1312 1403 1344; x_wconf 83' lang='lat' dir='ltr'><strong>et</strong></span> <span class='ocrx_word' id='word_1_209' title='bbox 1427 1309 1472 1344; x_wconf 89' lang='lat' dir='ltr'><strong>ab</strong></span> <span class='ocrx_word' id='word_1_210' title='bbox 1497 1310 1731 1354; x_wconf 81' lang='lat' dir='ltr'><strong>optimatibus</strong></span> <span class='ocrx_word' id='word_1_211' title='bbox 1754 1309 1867 1345; x_wconf 79' lang='lat' dir='ltr'><strong>Fran·</strong></span> 
     </span>
     <span class='ocr_line' id='line_1_22' title="bbox 316 1355 1867 1400; baseline 0.001 -10"><span class='ocrx_word' id='word_1_212' title='bbox 316 1367 441 1391; x_wconf 89' lang='lat' dir='ltr'><strong>corum</strong></span> <span class='ocrx_word' id='word_1_213' title='bbox 466 1355 719 1391; x_wconf 88' lang='lat' dir='ltr'><strong>confirmatum</strong></span> <span class='ocrx_word' id='word_1_214' title='bbox 744 1359 781 1391; x_wconf 91' lang='lat' dir='ltr'><strong>et</strong></span> <span class='ocrx_word' id='word_1_215' title='bbox 798 1355 948 1390; x_wconf 89' lang='lat' dir='ltr'><strong>Leonis</strong></span> <span class='ocrx_word' id='word_1_216' title='bbox 974 1356 1234 1400; x_wconf 88' lang='lat' dir='ltr'><strong>apostolici</strong></span> <span class='ocrx_word' id='word_1_217' title='bbox 1257 1356 1563 1400; x_wconf 86' lang='lat' dir='ltr'><strong>subscriptione</strong></span> <span class='ocrx_word' id='word_1_218' title='bbox 1587 1357 1867 1392; x_wconf 86' lang='lat' dir='ltr'><strong>roboratum</strong></span> 
     </span>
     <span class='ocr_line' id='line_1_23' title="bbox 315 1402 1869 1448; baseline 0 -10"><span class='ocrx_word' id='word_1_219' title='bbox 315 1414 334 1438; x_wconf 92' lang='lat' dir='ltr'><strong>e</strong></span> <span class='ocrx_word' id='word_1_220' title='bbox 345 1415 360 1437; x_wconf 90' lang='lat' dir='ltr'><strong>s</strong></span> <span class='ocrx_word' id='word_1_221' title='bbox 370 1406 396 1438; x_wconf 85' lang='lat' dir='ltr'><strong>t.</strong></span> <span class='ocrx_word' id='word_1_222' title='bbox 445 1402 593 1437; x_wconf 87' lang='lat' dir='ltr'><strong>Carlusi</strong></span> <span class='ocrx_word' id='word_1_223' title='bbox 627 1403 746 1437; x_wconf 87' lang='lat' dir='ltr'><strong>iunior</strong></span> <span class='ocrx_word' id='word_1_224' title='bbox 779 1414 863 1437; x_wconf 89' lang='lat' dir='ltr'><strong>cum</strong></span> <span class='ocrx_word' id='word_1_225' title='bbox 895 1403 1056 1438; x_wconf 86' lang='lat' dir='ltr'><strong>exercitu</strong></span> <span class='ocrx_word' id='word_1_226' title='bbox 1068 1402 1092 1429; x_wconf 81' lang='lat' dir='ltr'><strong>k</strong></span> <span class='ocrx_word' id='word_1_227' title='bbox 1129 1414 1150 1437; x_wconf 91' lang='lat' dir='ltr'><strong>a</strong></span> <span class='ocrx_word' id='word_1_228' title='bbox 1179 1414 1204 1447; x_wconf 91' lang='lat' dir='ltr'><strong>p</strong></span> <span class='ocrx_word' id='word_1_229' title='bbox 1214 1405 1317 1437; x_wconf 88' lang='lat' dir='ltr'><strong>atre</strong></span> <span class='ocrx_word' id='word_1_230' title='bbox 1349 1403 1476 1437; x_wconf 90' lang='lat' dir='ltr'><strong>missus</strong></span> <span class='ocrx_word' id='word_1_231' title='bbox 1506 1403 1545 1437; x_wconf 91' lang='lat' dir='ltr'><strong>in</strong></span> <span class='ocrx_word' id='word_1_232' title='bbox 1573 1402 1730 1438; x_wconf 87' lang='lat' dir='ltr'><strong>Sorabos</strong></span> <span class='ocrx_word' id='word_1_233' title='bbox 1759 1414 1869 1448; x_wconf 88' lang='lat' dir='ltr'><strong>super</strong></span> 
     </span>
     <span class='ocr_line' id='line_1_24' title="bbox 314 1449 1868 1494; baseline 0.001 -10"><span class='ocrx_word' id='word_1_234' title='bbox 314 1449 439 1484; x_wconf 80' lang='lat' dir='ltr'><strong>Albim</strong></span> <span class='ocrx_word' id='word_1_235' title='bbox 479 1450 628 1484; x_wconf 83' lang='lat' dir='ltr'><strong>fluvium</strong></span> <span class='ocrx_word' id='word_1_236' title='bbox 669 1449 950 1484; x_wconf 85' lang='lat' dir='ltr'><strong>habitantes</strong></span> <span class='ocrx_word' id='word_1_237' title='bbox 991 1450 1287 1494; x_wconf 88' lang='lat' dir='ltr'><strong>depopulata</strong></span> <span class='ocrx_word' id='word_1_238' title='bbox 1323 1449 1534 1484; x_wconf 86' lang='lat' dir='ltr'><strong>Sclavorum</strong></span> <span class='ocrx_word' id='word_1_239' title='bbox 1575 1453 1671 1485; x_wconf 86' lang='lat' dir='ltr'><strong>terra</strong></span> <span class='ocrx_word' id='word_1_240' title='bbox 1711 1450 1868 1486; x_wconf 89' lang='lat' dir='ltr'><strong>ducem</strong></span> 
     </span>
     <span class='ocr_line' id='line_1_25' title="bbox 315 1495 1868 1532; baseline 0.001 -1"><span class='ocrx_word' id='word_1_241' title='bbox 315 1508 335 1531; x_wconf 89' lang='lat' dir='ltr'><strong>e</strong></span> <span class='ocrx_word' id='word_1_242' title='bbox 345 1507 450 1531; x_wconf 87' lang='lat' dir='ltr'><strong>orum</strong></span> <span class='ocrx_word' id='word_1_243' title='bbox 479 1495 682 1531; x_wconf 86' lang='lat' dir='ltr'><strong>Miliduoch</strong></span> <span class='ocrx_word' id='word_1_244' title='bbox 715 1496 925 1532; x_wconf 83' lang='lat' dir='ltr'><strong>interfecit.</strong></span> <span class='ocrx_word' id='word_1_245' title='bbox 973 1495 1086 1531; x_wconf 85' lang='lat' dir='ltr'><strong>Missa</strong></span> <span class='ocrx_word' id='word_1_246' title='bbox 1117 1499 1172 1531; x_wconf 87' lang='lat' dir='ltr'><strong>est</strong></span> <span class='ocrx_word' id='word_1_247' title='bbox 1205 1499 1242 1530; x_wconf 87' lang='lat' dir='ltr'><strong>et</strong></span> <span class='ocrx_word' id='word_1_248' title='bbox 1273 1507 1402 1531; x_wconf 89' lang='lat' dir='ltr'><strong>manus</strong></span> <span class='ocrx_word' id='word_1_249' title='bbox 1436 1497 1482 1531; x_wconf 92' lang='lat' dir='ltr'><strong>de</strong></span> <span class='ocrx_word' id='word_1_250' title='bbox 1511 1495 1679 1532; x_wconf 88' lang='lat' dir='ltr'><strong>Baioaria</strong></span> <span class='ocrx_word' id='word_1_251' title='bbox 1711 1500 1748 1532; x_wconf 88' lang='lat' dir='ltr'><strong>et</strong></span> <span class='ocrx_word' id='word_1_252' title='bbox 1780 1497 1868 1532; x_wconf 84' lang='lat' dir='ltr'><strong>Ala·</strong></span> 
     </span>
     <span class='ocr_line' id='line_1_26' title="bbox 314 1542 1869 1589; baseline 0.001 -12"><span class='ocrx_word' id='word_1_253' title='bbox 314 1543 460 1577; x_wconf 89' lang='lat' dir='ltr'><strong>mannia</strong></span> <span class='ocrx_word' id='word_1_254' title='bbox 484 1546 591 1587; x_wconf 85' lang='lat' dir='ltr'><strong>atque</strong></span> <span class='ocrx_word' id='word_1_255' title='bbox 610 1542 823 1589; x_wconf 85' lang='lat' dir='ltr'><strong>Burgundia</strong></span> <span class='ocrx_word' id='word_1_256' title='bbox 846 1543 882 1577; x_wconf 91' lang='lat' dir='ltr'><strong>in</strong></span> <span class='ocrx_word' id='word_1_257' title='bbox 907 1542 1156 1578; x_wconf 90' lang='lat' dir='ltr'><strong>Boemanos</strong></span> <span class='ocrx_word' id='word_1_258' title='bbox 1179 1543 1413 1587; x_wconf 80' lang='lat' dir='ltr'><strong>vastataquet</strong></span> <span class='ocrx_word' id='word_1_259' title='bbox 1445 1544 1765 1588; x_wconf 77' lang='lat' dir='ltr'><strong>provinciaeu</strong></span> <span class='ocrx_word' id='word_1_260' title='bbox 1793 1555 1869 1579; x_wconf 82' lang='lat' dir='ltr'><strong>non</strong></span> 
     </span>
     <span class='ocr_line' id='line_1_27' title="bbox 314 1589 1868 1636; baseline 0.001 -12"><span class='ocrx_word' id='word_1_261' title='bbox 314 1590 464 1624; x_wconf 81' lang='lat' dir='ltr'><strong>minima</strong></span> <span class='ocrx_word' id='word_1_262' title='bbox 486 1590 653 1634; x_wconf 89' lang='lat' dir='ltr'><strong>portione</strong></span> <span class='ocrx_word' id='word_1_263' title='bbox 677 1590 812 1634; x_wconf 89' lang='lat' dir='ltr'><strong>absque</strong></span> <span class='ocrx_word' id='word_1_264' title='bbox 837 1590 910 1624; x_wconf 92' lang='lat' dir='ltr'><strong>ullo</strong></span> <span class='ocrx_word' id='word_1_265' title='bbox 934 1590 1036 1636; x_wconf 82' lang='lat' dir='ltr'><strong>gravi</strong></span> <span class='ocrx_word' id='word_1_266' title='bbox 1059 1589 1290 1624; x_wconf 90' lang='lat' dir='ltr'><strong>incommodo</strong></span> <span class='ocrx_word' id='word_1_267' title='bbox 1306 1601 1469 1635; x_wconf 86' lang='lat' dir='ltr'><strong>regressa</strong></span> <span class='ocrx_word' id='word_1_268' title='bbox 1493 1593 1574 1626; x_wconf 88' lang='lat' dir='ltr'><strong>est.</strong></span> <span class='ocrx_word' id='word_1_269' title='bbox 1622 1589 1669 1624; x_wconf 88' lang='lat' dir='ltr'><strong>In</strong></span> <span class='ocrx_word' id='word_1_270' title='bbox 1685 1590 1868 1625; x_wconf 84' lang='lat' dir='ltr'><strong>Corsicam</strong></span> 
     </span>
     <span class='ocr_line' id='line_1_28' title="bbox 316 1635 1868 1681; baseline 0.001 -10"><span class='ocrx_word' id='word_1_271' title='bbox 316 1648 338 1681; x_wconf 91' lang='lat' dir='ltr'><strong>q</strong></span> <span class='ocrx_word' id='word_1_272' title='bbox 349 1649 373 1670; x_wconf 93' lang='grc' dir='ltr'><strong>ιι</strong></span> <span class='ocrx_word' id='word_1_273' title='bbox 384 1648 405 1671; x_wconf 95' lang='lat' dir='ltr'><strong>o</strong></span> <span class='ocrx_word' id='word_1_274' title='bbox 416 1648 439 1680; x_wconf 91' lang='lat' dir='ltr'><strong>q</strong></span> <span class='ocrx_word' id='word_1_275' title='bbox 450 1648 474 1670; x_wconf 94' lang='lat' dir='ltr'><strong>u</strong></span> <span class='ocrx_word' id='word_1_276' title='bbox 484 1648 504 1671; x_wconf 92' lang='lat' dir='ltr'><strong>e</strong></span> <span class='ocrx_word' id='word_1_277' title='bbox 538 1637 685 1671; x_wconf 80' lang='lat' dir='ltr'><strong>classisv</strong></span> <span class='ocrx_word' id='word_1_278' title='bbox 715 1648 736 1671; x_wconf 92' lang='lat' dir='ltr'><strong>a</strong></span> <span class='ocrx_word' id='word_1_279' title='bbox 760 1636 915 1681; x_wconf 88' lang='lat' dir='ltr'><strong>Pippino</strong></span> <span class='ocrx_word' id='word_1_280' title='bbox 950 1640 1076 1671; x_wconf 88' lang='lat' dir='ltr'><strong>contra</strong></span> <span class='ocrx_word' id='word_1_281' title='bbox 1108 1635 1257 1671; x_wconf 86' lang='lat' dir='ltr'><strong>Mauros</strong></span> <span class='ocrx_word' id='word_1_282' title='bbox 1289 1637 1398 1671; x_wconf 88' lang='lat' dir='ltr'><strong>missa</strong></span> <span class='ocrx_word' id='word_1_283' title='bbox 1431 1639 1504 1680; x_wconf 77' lang='lat' dir='ltr'><strong>est3</strong></span> <span class='ocrx_word' id='word_1_284' title='bbox 1538 1636 1639 1671; x_wconf 88' lang='lat' dir='ltr'><strong>cuius</strong></span> <span class='ocrx_word' id='word_1_285' title='bbox 1672 1637 1868 1672; x_wconf 88' lang='lat' dir='ltr'><strong>adventum</strong></span> 
     </span>
     <span class='ocr_line' id='line_1_29' title="bbox 315 1683 1863 1728; baseline 0.001 -11"><span class='ocrx_word' id='word_1_286' title='bbox 315 1683 437 1718; x_wconf 88' lang='lat' dir='ltr'><strong>Mauri</strong></span> <span class='ocrx_word' id='word_1_287' title='bbox 460 1695 534 1718; x_wconf 90' lang='lat' dir='ltr'><strong>non</strong></span> <span class='ocrx_word' id='word_1_288' title='bbox 559 1686 789 1728; x_wconf 87' lang='lat' dir='ltr'><strong>expectantes</strong></span> <span class='ocrx_word' id='word_1_289' title='bbox 814 1684 1083 1720; x_wconf 87' lang='lat' dir='ltr'><strong>abscesserant.</strong></span> <span class='ocrx_word' id='word_1_290' title='bbox 1131 1683 1322 1718; x_wconf 86' lang='lat' dir='ltr'><strong>Hadumar</strong></span> <span class='ocrx_word' id='word_1_291' title='bbox 1337 1687 1500 1728; x_wconf 74' lang='lat' dir='ltr'><strong>tamenW¹</strong></span> <span class='ocrx_word' id='word_1_292' title='bbox 1515 1683 1668 1718; x_wconf 86' lang='lat' dir='ltr'><strong>civitatis</strong></span> <span class='ocrx_word' id='word_1_293' title='bbox 1685 1683 1863 1719; x_wconf 75' lang='lat' dir='ltr'><strong>Genuaex</strong></span> 
     </span>
     <span class='ocr_line' id='line_1_30' title="bbox 315 1729 1586 1775; baseline 0 -10"><span class='ocrx_word' id='word_1_294' title='bbox 315 1742 339 1774; x_wconf 90' lang='lat' dir='ltr'><strong>p</strong></span> <span class='ocrx_word' id='word_1_295' title='bbox 349 1742 368 1764; x_wconf 87' lang='lat' dir='ltr'><strong>r</strong></span> <span class='ocrx_word' id='word_1_296' title='bbox 378 1742 399 1764; x_wconf 87' lang='lat' dir='ltr'><strong>a</strong></span> <span class='ocrx_word' id='word_1_297' title='bbox 409 1741 429 1765; x_wconf 91' lang='lat' dir='ltr'><strong>e</strong></span> <span class='ocrx_word' id='word_1_298' title='bbox 439 1729 457 1764; x_wconf 90' lang='lat' dir='ltr'><strong>f</strong></span> <span class='ocrx_word' id='word_1_299' title='bbox 464 1741 484 1765; x_wconf 88' lang='lat' dir='ltr'><strong>e</strong></span> <span class='ocrx_word' id='word_1_300' title='bbox 494 1742 514 1765; x_wconf 95' lang='lat' dir='ltr'><strong>c</strong></span> <span class='ocrx_word' id='word_1_301' title='bbox 523 1733 539 1764; x_wconf 93' lang='lat' dir='ltr'><strong>t</strong></span> <span class='ocrx_word' id='word_1_302' title='bbox 548 1742 572 1764; x_wconf 91' lang='grc' dir='ltr'><strong>ιι</strong></span> <span class='ocrx_word' id='word_1_303' title='bbox 582 1741 598 1765; x_wconf 91' lang='lat' dir='ltr'><strong>s</strong></span> <span class='ocrx_word' id='word_1_304' title='bbox 622 1730 859 1775; x_wconf 88' lang='lat' dir='ltr'><strong>inprudenter</strong></span> <span class='ocrx_word' id='word_1_305' title='bbox 873 1737 895 1765; x_wconf 76' lang='lat' dir='ltr'><strong>y</strong></span> <span class='ocrx_word' id='word_1_306' title='bbox 924 1733 1051 1765; x_wconf 87' lang='lat' dir='ltr'><strong>contra</strong></span> <span class='ocrx_word' id='word_1_307' title='bbox 1075 1741 1136 1765; x_wconf 89' lang='lat' dir='ltr'><strong>eos</strong></span> <span class='ocrx_word' id='word_1_308' title='bbox 1161 1730 1334 1765; x_wconf 83' lang='lat' dir='ltr'><strong>dimicans</strong></span> <span class='ocrx_word' id='word_1_309' title='bbox 1359 1731 1496 1765; x_wconf 88' lang='lat' dir='ltr'><strong>occisus</strong></span> <span class='ocrx_word' id='word_1_310' title='bbox 1522 1733 1586 1766; x_wconf 88' lang='lat' dir='ltr'><strong>est.</strong></span> 
     </span>
     <span class='ocr_line' id='line_1_31' title="bbox 264 1776 1861 1821; baseline 0 -10"><span class='ocrx_word' id='word_1_311' title='bbox 264 1785 303 1812; x_wconf 81' lang='lat' dir='ltr'><strong>ib.</strong></span> <span class='ocrx_word' id='word_1_312' title='bbox 455 1776 668 1813; x_wconf 88' lang='lat' dir='ltr'><strong>DCCCVH.</strong></span> <span class='ocrx_word' id='word_1_313' title='bbox 717 1776 753 1811; x_wconf 91' lang='lat' dir='ltr'>A</span> <span class='ocrx_word' id='word_1_314' title='bbox 763 1788 851 1811; x_wconf 86' lang='lat' dir='ltr'><strong>aron</strong></span> <span class='ocrx_word' id='word_1_315' title='bbox 863 1777 877 1796; x_wconf 79' lang='lat'>³</span> <span class='ocrx_word' id='word_1_316' title='bbox 909 1788 974 1812; x_wconf 88' lang='lat' dir='ltr'><strong>rex</strong></span> <span class='ocrx_word' id='word_1_317' title='bbox 1006 1776 1200 1812; x_wconf 84' lang='lat' dir='ltr'><strong>Persarum</strong></span> <span class='ocrx_word' id='word_1_318' title='bbox 1236 1777 1455 1821; x_wconf 83' lang='lat' dir='ltr'><strong>papilionem</strong></span> <span class='ocrx_word' id='word_1_319' title='bbox 1489 1779 1526 1811; x_wconf 86' lang='lat' dir='ltr'><strong>et</strong></span> <span class='ocrx_word' id='word_1_320' title='bbox 1558 1777 1715 1812; x_wconf 88' lang='lat' dir='ltr'><strong>tentoria</strong></span> <span class='ocrx_word' id='word_1_321' title='bbox 1747 1777 1829 1812; x_wconf 84' lang='lat' dir='ltr'><strong>atrii</strong></span> <span class='ocrx_word' id='word_1_322' title='bbox 1844 1783 1861 1804; x_wconf 78' lang='lat'>⁸</span> 
     </span>
     <span class='ocr_line' id='line_1_32' title="bbox 315 1823 1868 1868; baseline 0 -10"><span class='ocrx_word' id='word_1_323' title='bbox 315 1823 414 1858; x_wconf 86' lang='lat' dir='ltr'><strong>vario</strong></span> <span class='ocrx_word' id='word_1_324' title='bbox 432 1824 552 1858; x_wconf 89' lang='lat' dir='ltr'><strong>colore</strong></span> <span class='ocrx_word' id='word_1_325' title='bbox 569 1823 821 1858; x_wconf 68' lang='lat' dir='ltr'><strong>facta-miraea</strong></span> <span class='ocrx_word' id='word_1_326' title='bbox 840 1824 1117 1868; x_wconf 88' lang='lat' dir='ltr'><strong>pulchritudinis</strong></span> <span class='ocrx_word' id='word_1_327' title='bbox 1133 1824 1343 1868; x_wconf 86' lang='lat' dir='ltr'><strong>imperatori</strong></span> <span class='ocrx_word' id='word_1_328' title='bbox 1365 1824 1477 1867; x_wconf 81' lang='lat' dir='ltr'><strong>misit3</strong></span> <span class='ocrx_word' id='word_1_329' title='bbox 1504 1827 1608 1858; x_wconf 87' lang='lat' dir='ltr'><strong>erant</strong></span> <span class='ocrx_word' id='word_1_330' title='bbox 1631 1824 1727 1858; x_wconf 88' lang='lat' dir='ltr'><strong>enim</strong></span> <span class='ocrx_word' id='word_1_331' title='bbox 1746 1824 1868 1859; x_wconf 85' lang='lat' dir='ltr'><strong>omnia</strong></span> 
     </span>
     <span class='ocr_line' id='line_1_33' title="bbox 315 1870 1867 1916; baseline 0.001 -12"><span class='ocrx_word' id='word_1_332' title='bbox 315 1870 458 1914; x_wconf 86' lang='lat' dir='ltr'><strong>bissina,</strong></span> <span class='ocrx_word' id='word_1_333' title='bbox 489 1873 565 1904; x_wconf 88' lang='lat' dir='ltr'><strong>tam</strong></span> <span class='ocrx_word' id='word_1_334' title='bbox 591 1871 745 1905; x_wconf 86' lang='lat' dir='ltr'><strong>tentoria</strong></span> <span class='ocrx_word' id='word_1_335' title='bbox 769 1882 877 1915; x_wconf 90' lang='lat' dir='ltr'><strong>quam</strong></span> <span class='ocrx_word' id='word_1_336' title='bbox 902 1870 1006 1905; x_wconf 86' lang='lat' dir='ltr'><strong>funes</strong></span> <span class='ocrx_word' id='word_1_337' title='bbox 1037 1882 1174 1912; x_wconf 89' lang='lat' dir='ltr'><strong>eorum,</strong></span> <span class='ocrx_word' id='word_1_338' title='bbox 1206 1871 1354 1905; x_wconf 87' lang='lat' dir='ltr'><strong>diversis</strong></span> <span class='ocrx_word' id='word_1_339' title='bbox 1384 1871 1498 1905; x_wconf 89' lang='lat' dir='ltr'><strong>tincta</strong></span> <span class='ocrx_word' id='word_1_340' title='bbox 1529 1871 1726 1915; x_wconf 79' lang='lat' dir='ltr'><strong>coloribus3</strong></span> <span class='ocrx_word' id='word_1_341' title='bbox 1758 1871 1867 1916; x_wconf 83' lang='lat' dir='ltr'><strong>pallia</strong></span> 
     </span>
     <span class='ocr_line' id='line_1_34' title="bbox 317 1916 1866 1963; baseline 0.001 -12"><span class='ocrx_word' id='word_1_342' title='bbox 317 1929 340 1961; x_wconf 92' lang='lat' dir='ltr'><strong>q</strong></span> <span class='ocrx_word' id='word_1_343' title='bbox 350 1928 404 1951; x_wconf 94' lang='lat' dir='ltr'><strong>uo</strong></span> <span class='ocrx_word' id='word_1_344' title='bbox 414 1929 438 1961; x_wconf 92' lang='lat' dir='ltr'><strong>q</strong></span> <span class='ocrx_word' id='word_1_345' title='bbox 448 1929 472 1951; x_wconf 93' lang='lat' dir='ltr'><strong>u</strong></span> <span class='ocrx_word' id='word_1_346' title='bbox 482 1929 502 1952; x_wconf 90' lang='lat' dir='ltr'><strong>e</strong></span> <span class='ocrx_word' id='word_1_347' title='bbox 527 1916 656 1952; x_wconf 84' lang='lat' dir='ltr'><strong>siricab</strong></span> <span class='ocrx_word' id='word_1_348' title='bbox 678 1917 794 1952; x_wconf 90' lang='lat' dir='ltr'><strong>multa</strong></span> <span class='ocrx_word' id='word_1_349' title='bbox 818 1920 855 1952; x_wconf 88' lang='lat' dir='ltr'><strong>et</strong></span> <span class='ocrx_word' id='word_1_350' title='bbox 878 1917 1059 1962; x_wconf 79' lang='lat' dir='ltr'><strong>pretiosae</strong></span> <span class='ocrx_word' id='word_1_351' title='bbox 1084 1919 1121 1952; x_wconf 90' lang='lat' dir='ltr'><strong>et</strong></span> <span class='ocrx_word' id='word_1_352' title='bbox 1142 1917 1270 1952; x_wconf 88' lang='lat' dir='ltr'><strong>odores</strong></span> <span class='ocrx_word' id='word_1_353' title='bbox 1287 1921 1395 1962; x_wconf 88' lang='lat' dir='ltr'><strong>atque</strong></span> <span class='ocrx_word' id='word_1_354' title='bbox 1412 1920 1598 1963; x_wconf 86' lang='lat' dir='ltr'><strong>unguenta</strong></span> <span class='ocrx_word' id='word_1_355' title='bbox 1614 1920 1651 1952; x_wconf 91' lang='lat' dir='ltr'><strong>et</strong></span> <span class='ocrx_word' id='word_1_356' title='bbox 1665 1917 1866 1952; x_wconf 84' lang='lat' dir='ltr'><strong>balsamum</strong></span> 
     </span>
     <span class='ocr_line' id='line_1_35' title="bbox 316 1963 1865 2010; baseline 0.001 -12"><span class='ocrx_word' id='word_1_357' title='bbox 316 1975 458 1998; x_wconf 89' lang='lat' dir='ltr'><strong>necnon</strong></span> <span class='ocrx_word' id='word_1_358' title='bbox 483 1967 519 1998; x_wconf 87' lang='lat' dir='ltr'><strong>et</strong></span> <span class='ocrx_word' id='word_1_359' title='bbox 543 1963 799 2009; x_wconf 82' lang='lat' dir='ltr'><strong>horologiumd</strong></span> <span class='ocrx_word' id='word_1_360' title='bbox 829 1976 873 1999; x_wconf 87' lang='lat' dir='ltr'><strong>ex</strong></span> <span class='ocrx_word' id='word_1_361' title='bbox 898 1964 1077 1999; x_wconf 86' lang='lat' dir='ltr'><strong>auricalco</strong></span> <span class='ocrx_word' id='word_1_362' title='bbox 1106 1967 1183 1999; x_wconf 86' lang='lat' dir='ltr'><strong>arte</strong></span> <span class='ocrx_word' id='word_1_363' title='bbox 1206 1964 1417 1999; x_wconf 87' lang='lat' dir='ltr'><strong>mechanica</strong></span> <span class='ocrx_word' id='word_1_364' title='bbox 1445 1963 1596 1999; x_wconf 85' lang='lat' dir='ltr'><strong>mirifice</strong></span> <span class='ocrx_word' id='word_1_365' title='bbox 1627 1965 1865 2010; x_wconf 89' lang='lat' dir='ltr'><strong>conpositum,</strong></span> 
     </span>
     <span class='ocr_line' id='line_1_36' title="bbox 315 2010 1866 2084; baseline 0.001 -40"><span class='ocrx_word' id='word_1_366' title='bbox 315 2010 353 2044; x_wconf 91' lang='lat' dir='ltr'><strong>in</strong></span> <span class='ocrx_word' id='word_1_367' title='bbox 378 2022 449 2054; x_wconf 92' lang='lat' dir='ltr'><strong>quo</strong></span> <span class='ocrx_word' id='word_1_368' title='bbox 474 2011 666 2046; x_wconf 87' lang='lat' dir='ltr'><strong>duodecim</strong></span> <span class='ocrx_word' id='word_1_369' title='bbox 690 2011 861 2046; x_wconf 85' lang='lat' dir='ltr'><strong>horarum</strong></span> <span class='ocrx_word' id='word_1_370' title='bbox 887 2023 1011 2046; x_wconf 87' lang='lat' dir='ltr'><strong>cursus</strong></span> <span class='ocrx_word' id='word_1_371' title='bbox 1039 2011 1088 2053; x_wconf 83' lang='lat' dir='ltr'><strong>ad</strong></span> <span class='ocrx_word' id='word_1_372' title='bbox 1113 2011 1326 2084; x_wconf 52' lang='lat' dir='ltr'><strong>cleplsidram</strong></span> <span class='ocrx_word' id='word_1_373' title='bbox 1350 2011 1569 2056; x_wconf 85' lang='lat' dir='ltr'><strong>vertebatur,</strong></span> <span class='ocrx_word' id='word_1_374' title='bbox 1601 2023 1683 2046; x_wconf 90' lang='lat' dir='ltr'><strong>cum</strong></span> <span class='ocrx_word' id='word_1_375' title='bbox 1713 2011 1866 2046; x_wconf 87' lang='lat' dir='ltr'><strong>totidem</strong></span> 
     </span>
     <span class='ocr_line' id='line_1_37' title="bbox 317 2057 1866 2102; baseline 0.001 -11"><span class='ocrx_word' id='word_1_376' title='bbox 317 2057 454 2092; x_wconf 81' lang='lat' dir='ltr'><strong>aereise</strong></span> <span class='ocrx_word' id='word_1_377' title='bbox 485 2058 604 2102; x_wconf 90' lang='lat' dir='ltr'><strong>pilulis</strong></span> <span class='ocrx_word' id='word_1_378' title='bbox 614 2057 646 2102; x_wconf 81' lang='lat' dir='ltr'><strong>f,</strong></span> <span class='ocrx_word' id='word_1_379' title='bbox 672 2069 764 2102; x_wconf 88' lang='lat' dir='ltr'><strong>quae</strong></span> <span class='ocrx_word' id='word_1_380' title='bbox 776 2064 798 2090; x_wconf 77' lang='lat'><strong>8</strong></span> <span class='ocrx_word' id='word_1_381' title='bbox 828 2058 873 2092; x_wconf 86' lang='lat' dir='ltr'><strong>ad</strong></span> <span class='ocrx_word' id='word_1_382' title='bbox 892 2058 1170 2102; x_wconf 90' lang='lat' dir='ltr'><strong>completionem</strong></span> <span class='ocrx_word' id='word_1_383' title='bbox 1226 2058 1398 2093; x_wconf 88' lang='lat' dir='ltr'><strong>horarum</strong></span> <span class='ocrx_word' id='word_1_384' title='bbox 1415 2058 1631 2093; x_wconf 86' lang='lat' dir='ltr'><strong>decidebant</strong></span> <span class='ocrx_word' id='word_1_385' title='bbox 1647 2060 1684 2093; x_wconf 89' lang='lat' dir='ltr'><strong>et</strong></span> <span class='ocrx_word' id='word_1_386' title='bbox 1700 2069 1784 2093; x_wconf 88' lang='lat' dir='ltr'><strong>casu</strong></span> <span class='ocrx_word' id='word_1_387' title='bbox 1800 2068 1866 2093; x_wconf 91' lang='lat' dir='ltr'><strong>suo</strong></span> 
     </span>
     <span class='ocr_line' id='line_1_38' title="bbox 316 2104 1924 2148; baseline 0.001 -10"><span class='ocrx_word' id='word_1_388' title='bbox 316 2104 535 2139; x_wconf 78' lang='lat' dir='ltr'><strong>subie*ctum</strong></span> <span class='ocrx_word' id='word_1_389' title='bbox 572 2105 639 2139; x_wconf 89' lang='lat' dir='ltr'><strong>sibi</strong></span> <span class='ocrx_word' id='word_1_390' title='bbox 673 2105 867 2139; x_wconf 87' lang='lat' dir='ltr'><strong>cimbalum</strong></span> <span class='ocrx_word' id='word_1_391' title='bbox 903 2105 1036 2140; x_wconf 90' lang='lat' dir='ltr'><strong>tinnire</strong></span> <span class='ocrx_word' id='word_1_392' title='bbox 1072 2105 1269 2148; x_wconf 80' lang='lat' dir='ltr'><strong>faciebant,</strong></span> <span class='ocrx_word' id='word_1_393' title='bbox 1307 2105 1436 2139; x_wconf 88' lang='lat' dir='ltr'><strong>additis</strong></span> <span class='ocrx_word' id='word_1_394' title='bbox 1473 2105 1510 2139; x_wconf 90' lang='lat' dir='ltr'><strong>in</strong></span> <span class='ocrx_word' id='word_1_395' title='bbox 1543 2105 1671 2140; x_wconf 89' lang='lat' dir='ltr'><strong>eodem</strong></span> <span class='ocrx_word' id='word_1_396' title='bbox 1705 2105 1865 2140; x_wconf 90' lang='lat' dir='ltr'><strong>eiusdem</strong></span> <span class='ocrx_word' id='word_1_397' title='bbox 1878 2110 1924 2143; x_wconf 72' lang='lat'><strong>&#39;1’-</strong></span> 
     </span>
     <span class='ocr_line' id='line_1_39' title="bbox 316 2150 1866 2196; baseline 0.001 -12"><span class='ocrx_word' id='word_1_398' title='bbox 316 2150 457 2185; x_wconf 91' lang='lat' dir='ltr'><strong>numeri</strong></span> <span class='ocrx_word' id='word_1_399' title='bbox 482 2151 672 2195; x_wconf 85' lang='lat' dir='ltr'><strong>equitibus,</strong></span> <span class='ocrx_word' id='word_1_400' title='bbox 697 2152 759 2195; x_wconf 91' lang='lat' dir='ltr'><strong>qui</strong></span> <span class='ocrx_word' id='word_1_401' title='bbox 782 2163 849 2196; x_wconf 89' lang='lat' dir='ltr'><strong>per</strong></span> <span class='ocrx_word' id='word_1_402' title='bbox 873 2151 1063 2186; x_wconf 88' lang='lat' dir='ltr'><strong>duodecim</strong></span> <span class='ocrx_word' id='word_1_403' title='bbox 1087 2151 1262 2186; x_wconf 84' lang='lat' dir='ltr'><strong>fenestras</strong></span> <span class='ocrx_word' id='word_1_404' title='bbox 1287 2151 1483 2196; x_wconf 87' lang='lat' dir='ltr'><strong>conpletisi</strong></span> <span class='ocrx_word' id='word_1_405' title='bbox 1518 2151 1614 2186; x_wconf 85' lang='lat' dir='ltr'><strong>horis</strong></span> <span class='ocrx_word' id='word_1_406' title='bbox 1637 2151 1805 2186; x_wconf 87' lang='lat' dir='ltr'><strong>exiebant</strong></span> <span class='ocrx_word' id='word_1_407' title='bbox 1829 2154 1866 2186; x_wconf 89' lang='lat' dir='ltr'><strong>et</strong></span> 
     </span>
     <span class='ocr_line' id='line_1_40' title="bbox 316 2197 1865 2243; baseline 0.001 -12"><span class='ocrx_word' id='word_1_408' title='bbox 316 2197 459 2242; x_wconf 87' lang='lat' dir='ltr'><strong>inpulsu</strong></span> <span class='ocrx_word' id='word_1_409' title='bbox 493 2198 705 2243; x_wconf 83' lang='lat' dir='ltr'><strong>egressionis</strong></span> <span class='ocrx_word' id='word_1_410' title='bbox 738 2197 851 2232; x_wconf 81' lang='lat' dir='ltr'><strong>suaek</strong></span> <span class='ocrx_word' id='word_1_411' title='bbox 888 2198 1040 2232; x_wconf 88' lang='lat' dir='ltr'><strong>totidem</strong></span> <span class='ocrx_word' id='word_1_412' title='bbox 1065 2198 1250 2241; x_wconf 89' lang='lat' dir='ltr'><strong>fenestras,</strong></span> <span class='ocrx_word' id='word_1_413' title='bbox 1284 2210 1376 2242; x_wconf 86' lang='lat' dir='ltr'><strong>quae</strong></span> <span class='ocrx_word' id='word_1_414' title='bbox 1408 2198 1507 2242; x_wconf 91' lang='lat' dir='ltr'><strong>prius</strong></span> <span class='ocrx_word' id='word_1_415' title='bbox 1541 2201 1644 2232; x_wconf 89' lang='lat' dir='ltr'><strong>erant</strong></span> <span class='ocrx_word' id='word_1_416' title='bbox 1676 2201 1821 2243; x_wconf 88' lang='lat' dir='ltr'><strong>apertae</strong></span> <span class='ocrx_word' id='word_1_417' title='bbox 1832 2197 1844 2224; x_wconf 87' lang='lat' dir='ltr'><strong>l</strong></span> <span class='ocrx_word' id='word_1_418' title='bbox 1854 2223 1865 2242; x_wconf 94' lang='lat'><strong>,</strong></span> 
     </span>
     <span class='ocr_line' id='line_1_41' title="bbox 317 2243 1866 2280; baseline 0.001 -2"><span class='ocrx_word' id='word_1_419' title='bbox 317 2244 542 2279; x_wconf 88' lang='lat' dir='ltr'><strong>claudebant.</strong></span> <span class='ocrx_word' id='word_1_420' title='bbox 591 2243 731 2279; x_wconf 87' lang='lat' dir='ltr'><strong>Eodem</strong></span> <span class='ocrx_word' id='word_1_421' title='bbox 756 2255 851 2279; x_wconf 90' lang='lat' dir='ltr'><strong>anno</strong></span> <span class='ocrx_word' id='word_1_422' title='bbox 875 2252 998 2279; x_wconf 80' lang='lat' dir='ltr'><strong>rexm</strong></span> <span class='ocrx_word' id='word_1_423' title='bbox 1020 2244 1299 2279; x_wconf 83' lang='lat' dir='ltr'><strong>Burchardumn</strong></span> <span class='ocrx_word' id='word_1_424' title='bbox 1322 2246 1491 2280; x_wconf 86' lang='lat' dir='ltr'><strong>comitem</strong></span> <span class='ocrx_word' id='word_1_425' title='bbox 1516 2245 1672 2279; x_wconf 88' lang='lat' dir='ltr'><strong>stabuli⁰</strong></span> <span class='ocrx_word' id='word_1_426' title='bbox 1703 2245 1758 2279; x_wconf 90' lang='lat' dir='ltr'><strong>sui</strong></span> <span class='ocrx_word' id='word_1_427' title='bbox 1782 2256 1866 2279; x_wconf 87' lang='lat' dir='ltr'><strong>cum</strong></span> 
     </span>
     <span class='ocr_line' id='line_1_42' title="bbox 317 2290 1866 2335; baseline 0.001 -10"><span class='ocrx_word' id='word_1_428' title='bbox 317 2291 427 2326; x_wconf 84' lang='lat' dir='ltr'><strong>classe</strong></span> <span class='ocrx_word' id='word_1_429' title='bbox 457 2291 554 2325; x_wconf 89' lang='lat' dir='ltr'><strong>misit</strong></span> <span class='ocrx_word' id='word_1_430' title='bbox 584 2291 621 2326; x_wconf 91' lang='lat' dir='ltr'><strong>in</strong></span> <span class='ocrx_word' id='word_1_431' title='bbox 653 2290 846 2335; x_wconf 86' lang='lat' dir='ltr'><strong>Corsicam,</strong></span> <span class='ocrx_word' id='word_1_432' title='bbox 881 2295 921 2326; x_wconf 93' lang='lat' dir='ltr'><strong>ut</strong></span> <span class='ocrx_word' id='word_1_433' title='bbox 951 2303 1030 2326; x_wconf 89' lang='lat' dir='ltr'><strong>eam</strong></span> <span class='ocrx_word' id='word_1_434' title='bbox 1056 2303 1077 2326; x_wconf 90' lang='lat' dir='ltr'><strong>a</strong></span> <span class='ocrx_word' id='word_1_435' title='bbox 1100 2290 1250 2334; x_wconf 88' lang='lat' dir='ltr'><strong>Mauris,</strong></span> <span class='ocrx_word' id='word_1_436' title='bbox 1284 2292 1346 2335; x_wconf 93' lang='lat' dir='ltr'><strong>qui</strong></span> <span class='ocrx_word' id='word_1_437' title='bbox 1376 2291 1619 2335; x_wconf 87' lang='lat' dir='ltr'><strong>superioribus</strong></span> <span class='ocrx_word' id='word_1_438' title='bbox 1650 2291 1751 2326; x_wconf 88' lang='lat' dir='ltr'><strong>annis</strong></span> <span class='ocrx_word' id='word_1_439' title='bbox 1781 2291 1866 2326; x_wconf 89' lang='lat' dir='ltr'><strong>illuc</strong></span> 
     </span>
    </p>
   </div>
   <div class='ocr_carea' id='block_1_3' title="bbox 315 2407 1867 2722">
    <p class='ocr_par' dir='ltr' id='par_1_3' title="bbox 315 2407 1867 2722">
     <span class='ocr_line' id='line_1_43' title="bbox 315 2407 1866 2442; baseline 0.001 -9"><span class='ocrx_word' id='word_1_440' title='bbox 315 2409 344 2438; x_wconf 80' lang='lat' dir='ltr'><strong>a)</strong></span> <span class='ocrx_word' id='word_1_441' title='bbox 363 2408 419 2433; x_wconf 84' lang='lat' dir='ltr'><strong>hec</strong></span> <span class='ocrx_word' id='word_1_442' title='bbox 437 2408 463 2435; x_wconf 81' lang='grc'><strong>3.</strong></span> <span class='ocrx_word' id='word_1_443' title='bbox 528 2408 558 2439; x_wconf 89' lang='lat' dir='ltr'><strong>b)</strong></span> <span class='ocrx_word' id='word_1_444' title='bbox 577 2409 654 2434; x_wconf 82' lang='lat' dir='ltr'><strong>same</strong></span> <span class='ocrx_word' id='word_1_445' title='bbox 673 2410 698 2436; x_wconf 85' lang='grc'><strong>3.</strong></span> <span class='ocrx_word' id='word_1_446' title='bbox 761 2410 789 2439; x_wconf 86' lang='lat' dir='ltr'><strong>c)</strong></span> <span class='ocrx_word' id='word_1_447' title='bbox 807 2409 963 2441; x_wconf 83' lang='lat' dir='ltr'><strong>inaneret</strong></span> <span class='ocrx_word' id='word_1_448' title='bbox 980 2409 1005 2436; x_wconf 85' lang='grc'><strong>3.</strong></span> <span class='ocrx_word' id='word_1_449' title='bbox 1071 2407 1103 2442; x_wconf 86' lang='lat' dir='ltr'><strong>d)</strong></span> <span class='ocrx_word' id='word_1_450' title='bbox 1123 2409 1199 2439; x_wconf 85' lang='lat' dir='ltr'><strong>Quia</strong></span> <span class='ocrx_word' id='word_1_451' title='bbox 1217 2409 1242 2436; x_wconf 82' lang='grc'><strong>3.</strong></span> <span class='ocrx_word' id='word_1_452' title='bbox 1305 2410 1333 2439; x_wconf 89' lang='lat' dir='ltr'><strong>e)</strong></span> <span class='ocrx_word' id='word_1_453' title='bbox 1353 2408 1431 2440; x_wconf 74' lang='lat' dir='ltr'><strong>long.</strong></span> <span class='ocrx_word' id='word_1_454' title='bbox 1450 2410 1475 2436; x_wconf 93' lang='lat'><strong>1.</strong></span> <span class='ocrx_word' id='word_1_455' title='bbox 1494 2409 1519 2436; x_wconf 83' lang='grc'><strong>2.</strong></span> <span class='ocrx_word' id='word_1_456' title='bbox 1581 2409 1607 2439; x_wconf 82' lang='lat' dir='ltr'><strong>s)</strong></span> <span class='ocrx_word' id='word_1_457' title='bbox 1624 2408 1822 2440; x_wconf 83' lang='lat' dir='ltr'><strong>inquisicione</strong></span> <span class='ocrx_word' id='word_1_458' title='bbox 1840 2409 1866 2436; x_wconf 74' lang='lat'><strong>2.</strong></span> 
     </span>
     <span class='ocr_line' id='line_1_44' title="bbox 315 2443 1866 2476; baseline 0.001 -8"><span class='ocrx_word' id='word_1_459' title='bbox 315 2444 345 2474; x_wconf 76' lang='lat' dir='ltr'><strong>g)</strong></span> <span class='ocrx_word' id='word_1_460' title='bbox 364 2443 482 2469; x_wconf 81' lang='lat' dir='ltr'><strong>ribboto</strong></span> <span class='ocrx_word' id='word_1_461' title='bbox 502 2443 527 2470; x_wconf 81' lang='lat'><strong>2.</strong></span> <span class='ocrx_word' id='word_1_462' title='bbox 545 2444 570 2471; x_wconf 90' lang='grc'><strong>3.</strong></span> <span class='ocrx_word' id='word_1_463' title='bbox 651 2443 683 2475; x_wconf 88' lang='lat' dir='ltr'><strong>h)</strong></span> <span class='ocrx_word' id='word_1_464' title='bbox 702 2444 888 2469; x_wconf 83' lang='lat' dir='ltr'><strong>treviriensis</strong></span> <span class='ocrx_word' id='word_1_465' title='bbox 908 2445 932 2471; x_wconf 88' lang='lat'><strong>1.</strong></span> <span class='ocrx_word' id='word_1_466' title='bbox 951 2444 983 2476; x_wconf 76' lang='lat'><strong>23</strong></span> <span class='ocrx_word' id='word_1_467' title='bbox 1010 2444 1189 2470; x_wconf 83' lang='lat' dir='ltr'><strong>treverentis</strong></span> <span class='ocrx_word' id='word_1_468' title='bbox 1209 2445 1234 2471; x_wconf 84' lang='lat'><strong>3.</strong></span> <span class='ocrx_word' id='word_1_469' title='bbox 1311 2444 1332 2474; x_wconf 92' lang='lat' dir='ltr'><strong>i)</strong></span> <span class='ocrx_word' id='word_1_470' title='bbox 1351 2444 1479 2469; x_wconf 80' lang='lat' dir='ltr'><strong>Karolus</strong></span> <span class='ocrx_word' id='word_1_471' title='bbox 1500 2446 1524 2471; x_wconf 89' lang='lat'><strong>1.</strong></span> <span class='ocrx_word' id='word_1_472' title='bbox 1542 2443 1567 2470; x_wconf 77' lang='lat'><strong>2.</strong></span> <span class='ocrx_word' id='word_1_473' title='bbox 1640 2443 1671 2474; x_wconf 83' lang='lat' dir='ltr'><strong>k)</strong></span> <span class='ocrx_word' id='word_1_474' title='bbox 1690 2444 1821 2469; x_wconf 79' lang='lat' dir='ltr'><strong>exertitu</strong></span> <span class='ocrx_word' id='word_1_475' title='bbox 1840 2444 1866 2471; x_wconf 93' lang='grc'><strong>3.</strong></span> 
     </span>
     <span class='ocr_line' id='line_1_45' title="bbox 316 2477 1865 2511; baseline 0.001 -8"><span class='ocrx_word' id='word_1_476' title='bbox 316 2478 337 2510; x_wconf 92' lang='lat'><strong>1)</strong></span> <span class='ocrx_word' id='word_1_477' title='bbox 357 2478 507 2510; x_wconf 78' lang='lat' dir='ltr'><strong>provintia</strong></span> <span class='ocrx_word' id='word_1_478' title='bbox 526 2479 551 2506; x_wconf 85' lang='lat'><strong>2.</strong></span> <span class='ocrx_word' id='word_1_479' title='bbox 564 2479 589 2506; x_wconf 84' lang='lat'><strong>3.</strong></span> <span class='ocrx_word' id='word_1_480' title='bbox 654 2480 695 2510; x_wconf 87' lang='grc' dir='ltr'>ιιι)</span> <span class='ocrx_word' id='word_1_481' title='bbox 713 2479 863 2504; x_wconf 84' lang='lat' dir='ltr'><strong>lethonem</strong></span> <span class='ocrx_word' id='word_1_482' title='bbox 882 2479 907 2506; x_wconf 77' lang='lat'><strong>2.</strong></span> <span class='ocrx_word' id='word_1_483' title='bbox 973 2481 1004 2510; x_wconf 91' lang='grc' dir='ltr'><strong>ιι)</strong></span> <span class='ocrx_word' id='word_1_484' title='bbox 1024 2486 1122 2511; x_wconf 77' lang='lat' dir='ltr'><strong>regem</strong></span> <span class='ocrx_word' id='word_1_485' title='bbox 1141 2479 1166 2506; x_wconf 91' lang='grc'><strong>3.</strong></span> <span class='ocrx_word' id='word_1_486' title='bbox 1229 2481 1258 2509; x_wconf 92' lang='grc' dir='ltr'>ο)</span> <span class='ocrx_word' id='word_1_487' title='bbox 1276 2479 1423 2504; x_wconf 79' lang='lat' dir='ltr'><strong>sarabiam</strong></span> <span class='ocrx_word' id='word_1_488' title='bbox 1442 2479 1468 2506; x_wconf 82' lang='lat'><strong>2.</strong></span> <span class='ocrx_word' id='word_1_489' title='bbox 1533 2480 1564 2511; x_wconf 88' lang='lat' dir='ltr'><strong>p)</strong></span> <span class='ocrx_word' id='word_1_490' title='bbox 1583 2477 1622 2504; x_wconf 82' lang='lat' dir='ltr'><strong>ad</strong></span> <span class='ocrx_word' id='word_1_491' title='bbox 1643 2479 1822 2511; x_wconf 76' lang='lat' dir='ltr'><strong>imperatore</strong></span> <span class='ocrx_word' id='word_1_492' title='bbox 1840 2479 1865 2506; x_wconf 80' lang='lat'><strong>2.</strong></span> 
     </span>
     <span class='ocr_line' id='line_1_46' title="bbox 316 2513 1867 2551; baseline 0.001 -13"><span class='ocrx_word' id='word_1_493' title='bbox 316 2514 347 2545; x_wconf 90' lang='lat' dir='ltr'><strong>q)</strong></span> <span class='ocrx_word' id='word_1_494' title='bbox 366 2514 497 2539; x_wconf 84' lang='lat' dir='ltr'><strong>Particio</strong></span> <span class='ocrx_word' id='word_1_495' title='bbox 516 2514 541 2540; x_wconf 88' lang='grc'><strong>3.</strong></span> <span class='ocrx_word' id='word_1_496' title='bbox 639 2514 666 2547; x_wconf 93' lang='lat' dir='ltr'><strong>r)</strong></span> <span class='ocrx_word' id='word_1_497' title='bbox 690 2514 874 2546; x_wconf 82' lang='lat' dir='ltr'><strong>relinqueret</strong></span> <span class='ocrx_word' id='word_1_498' title='bbox 892 2515 916 2541; x_wconf 80' lang='lat'><strong>2.</strong></span> <span class='ocrx_word' id='word_1_499' title='bbox 935 2515 961 2541; x_wconf 87' lang='grc'><strong>3.</strong></span> <span class='ocrx_word' id='word_1_500' title='bbox 1058 2516 1084 2544; x_wconf 90' lang='lat' dir='ltr'><strong>s)</strong></span> <span class='ocrx_word' id='word_1_501' title='bbox 1108 2513 1146 2539; x_wconf 90' lang='lat' dir='ltr'><strong>de</strong></span> <span class='ocrx_word' id='word_1_502' title='bbox 1165 2521 1199 2539; x_wconf 85' lang='lat' dir='ltr'><strong>ac</strong></span> <span class='ocrx_word' id='word_1_503' title='bbox 1219 2514 1386 2546; x_wconf 79' lang='lat' dir='ltr'><strong>particione</strong></span> <span class='ocrx_word' id='word_1_504' title='bbox 1405 2515 1429 2541; x_wconf 85' lang='lat'><strong>8.</strong></span> <span class='ocrx_word' id='word_1_505' title='bbox 1520 2515 1543 2544; x_wconf 89' lang='lat' dir='ltr'><strong>t)</strong></span> <span class='ocrx_word' id='word_1_506' title='bbox 1562 2517 1739 2551; x_wconf 60' lang='lat' dir='ltr'><strong>vastatpque</strong></span> <span class='ocrx_word' id='word_1_507' title='bbox 1758 2515 1790 2546; x_wconf 84' lang='lat'><strong>1;</strong></span> <span class='ocrx_word' id='word_1_508' title='bbox 1816 2515 1867 2539; x_wconf 77' lang='lat' dir='ltr'><strong>sod</strong></span> 
     </span>
     <span class='ocr_line' id='line_1_47' title="bbox 317 2549 1865 2582; baseline 0.002 -9"><span class='ocrx_word' id='word_1_509' title='bbox 317 2552 405 2581; x_wconf 68' lang='lat' dir='ltr'><strong>teque</strong></span> <span class='ocrx_word' id='word_1_510' title='bbox 423 2549 454 2573; x_wconf 71' lang='lat' dir='ltr'><strong>in</strong></span> <span class='ocrx_word' id='word_1_511' title='bbox 467 2556 583 2576; x_wconf 73' lang='lat' dir='ltr'><strong>rasura.</strong></span> <span class='ocrx_word' id='word_1_512' title='bbox 646 2551 677 2580; x_wconf 88' lang='lat' dir='ltr'><strong>u)</strong></span> <span class='ocrx_word' id='word_1_513' title='bbox 696 2550 866 2582; x_wconf 80' lang='lat' dir='ltr'><strong>provintiae</strong></span> <span class='ocrx_word' id='word_1_514' title='bbox 885 2550 917 2581; x_wconf 78' lang='lat'><strong>23</strong></span> <span class='ocrx_word' id='word_1_515' title='bbox 938 2549 1089 2581; x_wconf 83' lang='lat' dir='ltr'><strong>provintia</strong></span> <span class='ocrx_word' id='word_1_516' title='bbox 1109 2550 1134 2576; x_wconf 83' lang='lat'><strong>3.</strong></span> <span class='ocrx_word' id='word_1_517' title='bbox 1197 2551 1228 2579; x_wconf 85' lang='lat' dir='ltr'><strong>v)</strong></span> <span class='ocrx_word' id='word_1_518' title='bbox 1246 2549 1351 2581; x_wconf 80' lang='lat' dir='ltr'><strong>glassis</strong></span> <span class='ocrx_word' id='word_1_519' title='bbox 1370 2550 1395 2576; x_wconf 84' lang='lat'><strong>3.</strong></span> <span class='ocrx_word' id='word_1_520' title='bbox 1450 2550 1489 2579; x_wconf 85' lang='lat' dir='ltr'><strong>w)</strong></span> <span class='ocrx_word' id='word_1_521' title='bbox 1509 2552 1587 2574; x_wconf 81' lang='lat' dir='ltr'><strong>tame</strong></span> <span class='ocrx_word' id='word_1_522' title='bbox 1605 2550 1631 2576; x_wconf 88' lang='grc'><strong>3.</strong></span> <span class='ocrx_word' id='word_1_523' title='bbox 1685 2549 1717 2582; x_wconf 86' lang='lat' dir='ltr'><strong>x)</strong></span> <span class='ocrx_word' id='word_1_524' title='bbox 1730 2555 1827 2581; x_wconf 74' lang='lat' dir='ltr'><strong>genus</strong></span> <span class='ocrx_word' id='word_1_525' title='bbox 1839 2550 1865 2576; x_wconf 83' lang='grc'><strong>3.</strong></span> 
     </span>
     <span class='ocr_line' id='line_1_48' title="bbox 316 2584 1865 2616; baseline 0.002 -8"><span class='ocrx_word' id='word_1_526' title='bbox 316 2585 346 2616; x_wconf 76' lang='lat' dir='ltr'><strong>y)</strong></span> <span class='ocrx_word' id='word_1_527' title='bbox 366 2584 450 2615; x_wconf 83' lang='lat' dir='ltr'><strong>impr.</strong></span> <span class='ocrx_word' id='word_1_528' title='bbox 471 2585 501 2616; x_wconf 81' lang='lat'><strong>13</strong></span> <span class='ocrx_word' id='word_1_529' title='bbox 527 2585 601 2609; x_wconf 77' lang='lat' dir='ltr'><strong>deest</strong></span> <span class='ocrx_word' id='word_1_530' title='bbox 619 2584 644 2612; x_wconf 80' lang='lat'><strong>2.</strong></span> <span class='ocrx_word' id='word_1_531' title='bbox 717 2586 744 2614; x_wconf 85' lang='lat' dir='ltr'><strong>z)</strong></span> <span class='ocrx_word' id='word_1_532' title='bbox 763 2585 834 2610; x_wconf 72' lang='lat' dir='ltr'><strong>sti-ss</strong></span> <span class='ocrx_word' id='word_1_533' title='bbox 852 2599 886 2603; x_wconf 98' lang='lat'><strong>—</strong></span> <span class='ocrx_word' id='word_1_534' title='bbox 906 2585 1035 2610; x_wconf 73' lang='lat' dir='ltr'><strong>tentoria</strong></span> <span class='ocrx_word' id='word_1_535' title='bbox 1053 2585 1084 2609; x_wconf 76' lang='lat' dir='ltr'><strong>in</strong></span> <span class='ocrx_word' id='word_1_536' title='bbox 1102 2585 1233 2616; x_wconf 62' lang='lat' dir='ltr'><strong>momine</strong></span> <span class='ocrx_word' id='word_1_537' title='bbox 1251 2585 1348 2609; x_wconf 79' lang='lat' dir='ltr'><strong>eadem</strong></span> <span class='ocrx_word' id='word_1_538' title='bbox 1368 2591 1454 2609; x_wconf 72' lang='lat' dir='ltr'><strong>nnana</strong></span> <span class='ocrx_word' id='word_1_539' title='bbox 1473 2585 1583 2609; x_wconf 67' lang='lat' dir='ltr'><strong>adiecta</strong></span> <span class='ocrx_word' id='word_1_540' title='bbox 1602 2584 1627 2611; x_wconf 92' lang='grc'><strong>3.</strong></span> <span class='ocrx_word' id='word_1_541' title='bbox 1698 2585 1728 2615; x_wconf 73' lang='lat' dir='ltr'><strong>a)</strong></span> <span class='ocrx_word' id='word_1_542' title='bbox 1747 2584 1822 2610; x_wconf 72' lang='lat' dir='ltr'><strong>mire</strong></span> <span class='ocrx_word' id='word_1_543' title='bbox 1839 2584 1865 2611; x_wconf 88' lang='grc'><strong>3.</strong></span> 
     </span>
     <span class='ocr_line' id='line_1_49' title="bbox 316 2618 1865 2653; baseline 0 -10"><span class='ocrx_word' id='word_1_544' title='bbox 316 2619 346 2648; x_wconf 90' lang='lat' dir='ltr'><strong>b)</strong></span> <span class='ocrx_word' id='word_1_545' title='bbox 364 2619 460 2644; x_wconf 83' lang='lat' dir='ltr'><strong>serica</strong></span> <span class='ocrx_word' id='word_1_546' title='bbox 479 2620 503 2646; x_wconf 83' lang='lat'><strong>2.</strong></span> <span class='ocrx_word' id='word_1_547' title='bbox 516 2620 541 2646; x_wconf 84' lang='lat'><strong>3.</strong></span> <span class='ocrx_word' id='word_1_548' title='bbox 596 2619 624 2652; x_wconf 82' lang='lat' dir='ltr'><strong>e)</strong></span> <span class='ocrx_word' id='word_1_549' title='bbox 642 2620 798 2652; x_wconf 79' lang='lat' dir='ltr'><strong>praeciosa</strong></span> <span class='ocrx_word' id='word_1_550' title='bbox 815 2620 840 2647; x_wconf 80' lang='lat'><strong>2.</strong></span> <span class='ocrx_word' id='word_1_551' title='bbox 895 2618 926 2650; x_wconf 90' lang='lat' dir='ltr'><strong>d)</strong></span> <span class='ocrx_word' id='word_1_552' title='bbox 946 2619 1108 2651; x_wconf 76' lang='lat' dir='ltr'><strong>orologium</strong></span> <span class='ocrx_word' id='word_1_553' title='bbox 1123 2620 1147 2647; x_wconf 89' lang='lat'><strong>1.</strong></span> <span class='ocrx_word' id='word_1_554' title='bbox 1160 2620 1184 2646; x_wconf 83' lang='grc'><strong>3.</strong></span> <span class='ocrx_word' id='word_1_555' title='bbox 1239 2619 1268 2653; x_wconf 86' lang='lat' dir='ltr'><strong>e)</strong></span> <span class='ocrx_word' id='word_1_556' title='bbox 1287 2620 1363 2645; x_wconf 86' lang='lat' dir='ltr'><strong>ercis</strong></span> <span class='ocrx_word' id='word_1_557' title='bbox 1383 2620 1407 2646; x_wconf 86' lang='lat'><strong>3.</strong></span> <span class='ocrx_word' id='word_1_558' title='bbox 1463 2620 1488 2649; x_wconf 85' lang='lat' dir='ltr'><strong>f)</strong></span> <span class='ocrx_word' id='word_1_559' title='bbox 1506 2619 1616 2652; x_wconf 85' lang='lat' dir='ltr'><strong>pillulis</strong></span> <span class='ocrx_word' id='word_1_560' title='bbox 1637 2619 1662 2646; x_wconf 80' lang='lat'><strong>2.</strong></span> <span class='ocrx_word' id='word_1_561' title='bbox 1715 2619 1745 2651; x_wconf 81' lang='lat' dir='ltr'><strong>g)</strong></span> <span class='ocrx_word' id='word_1_562' title='bbox 1763 2625 1821 2651; x_wconf 84' lang='lat' dir='ltr'><strong>que</strong></span> <span class='ocrx_word' id='word_1_563' title='bbox 1839 2619 1865 2646; x_wconf 76' lang='grc'><strong>8.</strong></span> 
     </span>
     <span class='ocr_line' id='line_1_50' title="bbox 316 2654 1864 2687; baseline 0.001 -9"><span class='ocrx_word' id='word_1_564' title='bbox 316 2654 347 2683; x_wconf 89' lang='lat' dir='ltr'><strong>h)</strong></span> <span class='ocrx_word' id='word_1_565' title='bbox 366 2654 597 2686; x_wconf 84' lang='lat' dir='ltr'><strong>complecionem</strong></span> <span class='ocrx_word' id='word_1_566' title='bbox 616 2655 641 2682; x_wconf 78' lang='lat'><strong>2.</strong></span> <span class='ocrx_word' id='word_1_567' title='bbox 731 2655 753 2687; x_wconf 92' lang='lat' dir='ltr'><strong>i)</strong></span> <span class='ocrx_word' id='word_1_568' title='bbox 773 2655 927 2687; x_wconf 84' lang='lat' dir='ltr'><strong>completis</strong></span> <span class='ocrx_word' id='word_1_569' title='bbox 948 2656 972 2682; x_wconf 80' lang='lat'><strong>1.</strong></span> <span class='ocrx_word' id='word_1_570' title='bbox 1062 2654 1094 2685; x_wconf 86' lang='lat' dir='ltr'><strong>k)</strong></span> <span class='ocrx_word' id='word_1_571' title='bbox 1113 2661 1165 2680; x_wconf 89' lang='lat' dir='ltr'><strong>sue</strong></span> <span class='ocrx_word' id='word_1_572' title='bbox 1184 2655 1209 2681; x_wconf 86' lang='lat'><strong>3.</strong></span> <span class='ocrx_word' id='word_1_573' title='bbox 1289 2655 1310 2685; x_wconf 93' lang='grc'>1)</span> <span class='ocrx_word' id='word_1_574' title='bbox 1329 2658 1433 2687; x_wconf 85' lang='lat' dir='ltr'><strong>aperte</strong></span> <span class='ocrx_word' id='word_1_575' title='bbox 1451 2655 1477 2682; x_wconf 84' lang='lat'><strong>3.</strong></span> <span class='ocrx_word' id='word_1_576' title='bbox 1557 2655 1596 2684; x_wconf 90' lang='lat' dir='ltr'><strong>m)</strong></span> <span class='ocrx_word' id='word_1_577' title='bbox 1616 2654 1777 2686; x_wconf 79' lang='lat' dir='ltr'><strong>imperator</strong></span> <span class='ocrx_word' id='word_1_578' title='bbox 1795 2655 1820 2681; x_wconf 91' lang='lat'><strong>1.</strong></span> <span class='ocrx_word' id='word_1_579' title='bbox 1839 2654 1864 2681; x_wconf 78' lang='lat'><strong>2.</strong></span> 
     </span>
     <span class='ocr_line' id='line_1_51' title="bbox 316 2688 1190 2722; baseline 0.002 -9"><span class='ocrx_word' id='word_1_580' title='bbox 316 2689 347 2721; x_wconf 89' lang='lat' dir='ltr'><strong>n)</strong></span> <span class='ocrx_word' id='word_1_581' title='bbox 367 2689 559 2714; x_wconf 78' lang='lat' dir='ltr'><strong>burchartum</strong></span> <span class='ocrx_word' id='word_1_582' title='bbox 579 2691 603 2717; x_wconf 82' lang='lat'><strong>1.</strong></span> <span class='ocrx_word' id='word_1_583' title='bbox 622 2690 655 2722; x_wconf 84' lang='lat'><strong>23</strong></span> <span class='ocrx_word' id='word_1_584' title='bbox 680 2688 882 2722; x_wconf 80' lang='lat' dir='ltr'><strong>burghardum</strong></span> <span class='ocrx_word' id='word_1_585' title='bbox 901 2690 926 2717; x_wconf 88' lang='grc'><strong>3.</strong></span> <span class='ocrx_word' id='word_1_586' title='bbox 998 2692 1028 2720; x_wconf 91' lang='grc' dir='ltr'>ο)</span> <span class='ocrx_word' id='word_1_587' title='bbox 1045 2689 1147 2716; x_wconf 83' lang='lat' dir='ltr'><strong>stabili</strong></span> <span class='ocrx_word' id='word_1_588' title='bbox 1165 2690 1190 2717; x_wconf 89' lang='grc'><strong>3.</strong></span> 
     </span>
    </p>
   </div>
   <div class='ocr_carea' id='block_1_4' title="bbox 316 2780 1865 2965">
    <p class='ocr_par' dir='ltr' id='par_1_4' title="bbox 316 2780 1865 2965">
     <span class='ocr_line' id='line_1_52' title="bbox 317 2780 1864 2826; baseline 0.001 -11"><span class='ocrx_word' id='word_1_589' title='bbox 317 2783 352 2824; x_wconf 93' lang='grc'>1)</span> <span class='ocrx_word' id='word_1_590' title='bbox 375 2780 499 2815; x_wconf 89' lang='lat' dir='ltr'><strong>Carlus</strong></span> <span class='ocrx_word' id='word_1_591' title='bbox 524 2782 642 2817; x_wconf 89' lang='lat' dir='ltr'><strong>iunior</strong></span> <span class='ocrx_word' id='word_1_592' title='bbox 667 2810 675 2818; x_wconf 93' lang='lat'><strong>.</strong></span> <span class='ocrx_word' id='word_1_593' title='bbox 703 2809 712 2819; x_wconf 88' lang='lat'><strong>.</strong></span> <span class='ocrx_word' id='word_1_594' title='bbox 739 2810 748 2819; x_wconf 88' lang='lat'><strong>.</strong></span> <span class='ocrx_word' id='word_1_595' title='bbox 774 2794 857 2817; x_wconf 85' lang='lat' dir='ltr'><strong>cum</strong></span> <span class='ocrx_word' id='word_1_596' title='bbox 882 2782 1043 2817; x_wconf 85' lang='lat' dir='ltr'><strong>exercitu</strong></span> <span class='ocrx_word' id='word_1_597' title='bbox 1068 2811 1076 2819; x_wconf 88' lang='lat'><strong>.</strong></span> <span class='ocrx_word' id='word_1_598' title='bbox 1103 2811 1112 2819; x_wconf 89' lang='lat'><strong>.</strong></span> <span class='ocrx_word' id='word_1_599' title='bbox 1137 2782 1276 2826; x_wconf 88' lang='lat' dir='ltr'><strong>missus,</strong></span> <span class='ocrx_word' id='word_1_600' title='bbox 1301 2781 1417 2826; x_wconf 87' lang='lat' dir='ltr'><strong>Aquis</strong></span> <span class='ocrx_word' id='word_1_601' title='bbox 1442 2781 1488 2816; x_wconf 90' lang='lat' dir='ltr'><strong>ad</strong></span> <span class='ocrx_word' id='word_1_602' title='bbox 1513 2808 1521 2816; x_wconf 94' lang='lat'><strong>.</strong></span> <span class='ocrx_word' id='word_1_603' title='bbox 1546 2807 1554 2814; x_wconf 93' lang='lat'><strong>.</strong></span> <span class='ocrx_word' id='word_1_604' title='bbox 1579 2780 1679 2815; x_wconf 82' lang='lat' dir='ltr'><strong>venit</strong></span> <span class='ocrx_word' id='word_1_605' title='bbox 1701 2792 1745 2815; x_wconf 71' lang='grc' dir='ltr'><strong>αι·</strong></span> <span class='ocrx_word' id='word_1_606' title='bbox 1769 2782 1864 2817; x_wconf 80' lang='lat' dir='ltr'><strong>Ann.</strong></span> 
     </span>
     <span class='ocr_line' id='line_1_53' title="bbox 316 2827 1865 2875; baseline 0.001 -14"><span class='ocrx_word' id='word_1_607' title='bbox 316 2828 421 2871; x_wconf 63' lang='lat' dir='ltr'><strong>sith„</strong></span> <span class='ocrx_word' id='word_1_608' title='bbox 454 2834 565 2863; x_wconf 80' lang='lat' dir='ltr'><strong>cetera</strong></span> <span class='ocrx_word' id='word_1_609' title='bbox 589 2841 632 2863; x_wconf 75' lang='lat' dir='ltr'><strong>ex</strong></span> <span class='ocrx_word' id='word_1_610' title='bbox 655 2831 769 2865; x_wconf 81' lang='lat' dir='ltr'><strong>Laur.</strong></span> <span class='ocrx_word' id='word_1_611' title='bbox 867 2831 904 2873; x_wconf 83' lang='lat'><strong>2)</strong></span> <span class='ocrx_word' id='word_1_612' title='bbox 926 2829 1085 2864; x_wconf 89' lang='lat' dir='ltr'><strong>Particio</strong></span> <span class='ocrx_word' id='word_1_613' title='bbox 1109 2829 1212 2875; x_wconf 80' lang='lat' dir='ltr'><strong>regni</strong></span> <span class='ocrx_word' id='word_1_614' title='bbox 1238 2828 1296 2865; x_wconf 78' lang='lat' dir='ltr'><strong>Fr.</strong></span> <span class='ocrx_word' id='word_1_615' title='bbox 1323 2829 1368 2863; x_wconf 89' lang='lat' dir='ltr'><strong>ab</strong></span> <span class='ocrx_word' id='word_1_616' title='bbox 1393 2829 1478 2873; x_wconf 91' lang='lat' dir='ltr'><strong>imp.</strong></span> <span class='ocrx_word' id='word_1_617' title='bbox 1504 2828 1541 2862; x_wconf 91' lang='lat' dir='ltr'><strong>in</strong></span> <span class='ocrx_word' id='word_1_618' title='bbox 1565 2839 1598 2863; x_wconf 73' lang='lat' dir='ltr'><strong>V.</strong></span> <span class='ocrx_word' id='word_1_619' title='bbox 1624 2827 1691 2863; x_wconf 83' lang='lat' dir='ltr'><strong>Th.</strong></span> <span class='ocrx_word' id='word_1_620' title='bbox 1715 2830 1865 2872; x_wconf 86' lang='lat' dir='ltr'><strong>propter</strong></span> 
     </span>
     <span class='ocr_line' id='line_1_54' title="bbox 316 2874 1863 2917; baseline 0.001 -9"><span class='ocrx_word' id='word_1_621' title='bbox 316 2874 340 2908; x_wconf 85' lang='lat' dir='ltr'><strong>f.</strong></span> <span class='ocrx_word' id='word_1_622' title='bbox 366 2885 458 2909; x_wconf 90' lang='lat' dir='ltr'><strong>suos.</strong></span> <span class='ocrx_word' id='word_1_623' title='bbox 509 2875 656 2910; x_wconf 87' lang='lat' dir='ltr'><strong>Carolus</strong></span> <span class='ocrx_word' id='word_1_624' title='bbox 688 2876 762 2912; x_wconf 87' lang='lat' dir='ltr'><strong>iun.</strong></span> <span class='ocrx_word' id='word_1_625' title='bbox 797 2888 827 2911; x_wconf 90' lang='lat' dir='ltr'><strong>c.</strong></span> <span class='ocrx_word' id='word_1_626' title='bbox 861 2888 917 2912; x_wconf 68' lang='grc' dir='ltr'><strong>εκ.</strong></span> <span class='ocrx_word' id='word_1_627' title='bbox 950 2876 1078 2911; x_wconf 88' lang='lat' dir='ltr'><strong>missus</strong></span> <span class='ocrx_word' id='word_1_628' title='bbox 1112 2876 1150 2910; x_wconf 92' lang='lat' dir='ltr'><strong>in</strong></span> <span class='ocrx_word' id='word_1_629' title='bbox 1175 2875 1254 2911; x_wconf 90' lang='lat' dir='ltr'><strong>Sor.</strong></span> <span class='ocrx_word' id='word_1_630' title='bbox 1280 2877 1375 2911; x_wconf 81' lang='lat' dir='ltr'><strong>Ann.</strong></span> <span class='ocrx_word' id='word_1_631' title='bbox 1400 2875 1504 2917; x_wconf 60' lang='lat' dir='ltr'><strong>Seth„</strong></span> <span class='ocrx_word' id='word_1_632' title='bbox 1539 2879 1649 2908; x_wconf 75' lang='lat' dir='ltr'><strong>cetera</strong></span> <span class='ocrx_word' id='word_1_633' title='bbox 1682 2885 1726 2908; x_wconf 69' lang='lat' dir='ltr'><strong>ea:</strong></span> <span class='ocrx_word' id='word_1_634' title='bbox 1749 2875 1863 2910; x_wconf 80' lang='lat' dir='ltr'><strong>Laur.</strong></span> 
     </span>
     <span class='ocr_line' id='line_1_55' title="bbox 316 2921 1472 2965; baseline 0 -8"><span class='ocrx_word' id='word_1_635' title='bbox 316 2922 352 2964; x_wconf 90' lang='lat'><strong>3)</strong></span> <span class='ocrx_word' id='word_1_636' title='bbox 374 2921 499 2955; x_wconf 88' lang='lat' dir='ltr'><strong>Aaron</strong></span> <span class='ocrx_word' id='word_1_637' title='bbox 525 2934 588 2956; x_wconf 88' lang='lat' dir='ltr'><strong>rex</strong></span> <span class='ocrx_word' id='word_1_638' title='bbox 614 2950 622 2958; x_wconf 95' lang='lat'><strong>.</strong></span> <span class='ocrx_word' id='word_1_639' title='bbox 650 2950 657 2958; x_wconf 95' lang='lat'><strong>.</strong></span> <span class='ocrx_word' id='word_1_640' title='bbox 685 2950 693 2959; x_wconf 86' lang='lat'><strong>.</strong></span> <span class='ocrx_word' id='word_1_641' title='bbox 718 2923 815 2961; x_wconf 86' lang='lat' dir='ltr'><strong>misit</strong></span> <span class='ocrx_word' id='word_1_642' title='bbox 838 2935 882 2958; x_wconf 75' lang='lat' dir='ltr'><strong>ex</strong></span> <span class='ocrx_word' id='word_1_643' title='bbox 906 2925 1001 2958; x_wconf 75' lang='lat' dir='ltr'><strong>Anu.</strong></span> <span class='ocrx_word' id='word_1_644' title='bbox 1027 2923 1130 2965; x_wconf 65' lang='lat' dir='ltr'><strong>Sith„</strong></span> <span class='ocrx_word' id='word_1_645' title='bbox 1156 2928 1268 2956; x_wconf 68' lang='lat' dir='ltr'><strong>cerm-a</strong></span> <span class='ocrx_word' id='word_1_646' title='bbox 1291 2934 1334 2956; x_wconf 75' lang='lat' dir='ltr'><strong>ex</strong></span> <span class='ocrx_word' id='word_1_647' title='bbox 1357 2922 1472 2957; x_wconf 83' lang='lat' dir='ltr'><strong>Laur.</strong></span> 
     </span>
    </p>
   </div>
   <div class='ocr_carea' id='block_1_5' title="bbox 1927 0 2020 3358">
    <p class='ocr_par' dir='ltr' id='par_1_5' title="bbox 1927 0 2020 3358">
     <span class='ocr_line' id='line_1_56' title="bbox 1927 0 2020 3358; baseline 0 0"><span class='ocrx_word' id='word_1_648' title='bbox 1927 0 2020 3358; x_wconf 95' lang='lat' dir='ltr'><strong> </strong></span> 
     </span>
    </p>
   </div>
  </div>
 </body>
</html>
