2020 3358
324 303 394 338 134
779 297 888 334 ANN
889 297 1015 334 ALIU
1015 297 1058 333 M
1081 296 1415 334 FULDENSIUM

165 437 264 468 (Febr.
273 438 310 467 4).
326 416 528 464 Christi*
554 433 582 462 a
601 420 694 462 suis
715 419 948 475 sepelitur.
1009 418 1284 460 Luduwicus
1314 418 1436 460 filius
1468 418 1577 468 eius,
1611 418 1688 472 qui
1714 418 1877 460 unicus

323 483 436 522 tunc
475 478 691 534 parvulus
722 479 779 520 de
809 477 950 532 legali
979 490 1119 518 uxore
1158 479 1295 518 natus
1335 476 1406 517 illi
1443 479 1554 525 erat,
1596 477 1645 518 in
1683 490 1877 530 regnum

325 537 555 581 successit.
605 534 764 580 ‘Cuius
795 536 940 578 frater
971 536 1026 577 de
1058 535 1314 577 concubina
1335 535 1663 590 Zuentipoldus
1694 535 1878 577 nomine
1890 549 1936 582 ⁰2.
1979 531 1985 582 ,²

326 597 646 640 Gallicanum²
670 608 862 649 regnum
892 607 1046 636 secum
1068 594 1285 642 retinens,
1316 606 1388 635 res
1410 593 1704 635 ecclesiarum
1726 594 1879 635 crude·
1978 599 1980 602 ’

326 656 459 698 litate
499 668 582 697 sua
618 654 902 695 inmoderate
943 652 1178 702 affectans,
1220 651 1414 693 maxime
1447 652 1618 693 crimen
1649 665 1715 701 eo,
1757 652 1879 706 quod

324 714 536 769 Ratpodo
556 711 820 754 Treverensi
841 711 1180 765 archiepiscopo
1203 712 1363 752 contra
1383 710 1711 752 sacerdotalem
1742 711 1879 752 hono-

324 786 421 815 rem
463 771 627 813 baculo
666 783 748 812 suo
787 770 837 811 in
877 769 1026 824 capite
1066 769 1326 824 percutiens
1367 768 1540 818 intulit,
1583 781 1611 810 a
1649 769 1742 810 suis
1782 771 1880 810 tam

326 830 548 886 episcopis
593 843 730 884 quam
776 828 1017 870 comitibus
1063 827 1275 869 omnibus
1324 828 1580 869 desertatus
1621 829 1703 869 est.
1774 827 1879 882 Ipse

325 902 431 932 vero
471 900 737 944 recuperare
776 887 929 929 nitens
971 900 1075 928 eum
1113 886 1272 941 paucis
1303 888 1464 928 contra
1496 899 1571 928 eos
1602 886 1787 928 incaute
1818 885 1880 927 di-

161 963 248 995 (Aug.
259 963 312 993 13).
326 943 525 989 micansb
561 947 704 988 vitam
735 959 839 988 cum
867 958 1008 999 regno
1039 945 1189 986 finivit
1203 944 1230 985 1.

468 1004 709 1047 Baiowarii
759 1017 840 1059 per
890 1003 1219 1045 Boemanniam
1272 1003 1382 1058 ipsis
1434 1016 1587 1045 secum
1637 1003 1880 1058 assumptis

325 1077 513 1118 regnum
547 1064 899 1104 Marahavorum
931 1064 1098 1103 cuncta
1127 1062 1339 1104 incendio
1370 1074 1451 1116 per
1479 1064 1574 1103 tres
1605 1061 1880 1103 ebdomadas

328 1124 618 1164 devastantes
663 1121 956 1175 inruperunt3
1009 1121 1199 1162 tandem
1251 1133 1355 1161 eum
1406 1120 1530 1161 omni
1580 1120 1881 1174 prosperitate

328 1182 513 1223 domum
541 1179 710 1222 reversi
740 1181 862 1221 sunt.

441 1239 670 1281 ÷÷Interim
699 1251 806 1280 vero
836 1237 988 1287 Avari,
1030 1237 1109 1291 qui
1141 1237 1358 1278 dicuntur
1387 1237 1576 1291 Ungari,
1614 1239 1716 1279 tota
1753 1237 1882 1278 deva-

103 1314 315 1346 (899.Sept.24).
328 1300 450 1340 stata
489 1297 641 1347 Italia,
682 1297 750 1338 ita
788 1299 843 1337 ut
882 1296 1041 1337 occisis
1082 1295 1303 1350 episeopis
1344 1295 1690 1350 quamplurimis
1727 1295 1882 1337 Italici

329 1359 488 1398 contra
509 1369 583 1398 eos
606 1355 864 1411 depellare²
894 1354 1135 1396 molientes
1166 1355 1215 1395 in
1245 1368 1337 1396 uno
1369 1354 1512 1409 prelio
1542 1368 1638 1396 una
1669 1355 1742 1396 die
1774 1355 1883 1396 ceci-

254 1431 316 1458 900.
329 1416 496 1457 derunt
526 1415 618 1456 XX
646 1414 787 1455 milia.
827 1414 958 1468 ÷÷Ipsi
996 1426 1194 1467 namque
1235 1414 1393 1455 eadem
1433 1414 1519 1462 via,
1561 1426 1653 1467 qua
1691 1413 1883 1454 intrave-

327 1476 455 1524 runt,
503 1473 789 1514 Pannoniam
835 1486 890 1514 ex
934 1472 1132 1513 maxima
1177 1474 1308 1526 parte
1355 1472 1645 1513 devastantes
1690 1471 1883 1526 regressi

329 1534 451 1574 sunt.
1986 1567 1987 1570 ,

470 1590 632 1632 Missos
663 1589 848 1631 illorum
874 1586 976 1631 *sub
1009 1588 1114 1630 dolo
1147 1589 1206 1630 ad
1233 1588 1461 1630 Baworios
1493 1602 1651 1643 pacem
1682 1588 1884 1630 obtando
1897 1591 1995 1628 *Μαί

328 1649 562 1703 regionem
590 1647 719 1690 illam
751 1649 809 1690 ad
841 1648 1170 1703 explorandum
1200 1647 1565 1689 transmiserunt.
1623 1646 1769 1698 Quod,
1802 1661 1884 1702 pro

330 1708 480 1750 dolor!
528 1708 725 1762 primum
762 1706 935 1748 malum
974 1709 1021 1748 et
1062 1706 1237 1747 cunctis
1277 1708 1400 1747 retro
1439 1706 1684 1747 transactis
1725 1706 1885 1748 diebus

329 1767 526 1808 invisum
557 1767 774 1807 damnum
805 1765 1073 1806 Baiowarici
1111 1765 1242 1819 regni
1280 1764 1490 1806 contulit.
1553 1764 1705 1819 Igitur
1737 1778 1791 1806 ex
1821 1764 1885 1805 in-

329 1826 507 1880 proviso
549 1838 653 1866 cum
690 1838 831 1866 manu
869 1824 1024 1865 valida
1064 1825 1111 1865 et
1146 1823 1343 1864 maximo
1381 1824 1584 1865 exercitu
1613 1823 1739 1864 ultra
1769 1823 1885 1865 Ane-

331 1884 458 1926 sum3
487 1883 678 1925 fluvium
706 1896 900 1937 regnum
921 1881 1250 1926 Baiowaricum
1281 1881 1478 1923 ostiliter
1507 1882 1787 1931 invaserunt,
1819 1881 1887 1923 ita

329 1945 383 1984 ut
414 1955 495 1997 per
525 1942 859 1996 quinquaginta
887 1941 1085 1982 miliaria
1120 1941 1169 1982 in
1200 1940 1390 1994 longum
1421 1943 1468 1982 et
1499 1941 1547 1981 in
1577 1943 1886 1982 transversum

330 2002 436 2056 igne
469 2003 515 2043 et
546 2001 700 2055 gladio
732 2002 899 2042 cuncta
931 2000 1161 2042 caedendo
1193 2002 1239 2041 et
1271 2000 1552 2041 devastando
1592 1999 1641 2041 in
1679 2012 1773 2040 una
1812 1999 1885 2040 die

330 2060 672 2115 prostraverint.
735 2058 868 2110 Quod
906 2061 961 2100 ut
1001 2060 1313 2113 comperentes
1353 2058 1593 2100 ulteriores
1630 2057 1884 2107 Baiowarii,

332 2118 486 2160 dolore
519 2118 739 2173 compulsi
771 2119 956 2159 econtra
986 2117 1208 2158 festinare
1240 2117 1511 2171 disponunt;
1532 2117 1648 2158 ÷÷sed
1679 2117 1766 2158 hoc
1796 2116 1886 2158 Un-

332 2177 430 2231 gari
469 2178 874 2231 precognoscentes
907 2176 1127 2229 cumbis,
1170 2188 1286 2229 quae
1327 2176 1704 2230 depredaverunt,
1746 2175 1886 2217 redie-

331 2238 453 2286 runt,
485 2235 608 2277 unde
639 2237 870 2284 venerant,
905 2235 964 2275 ad
995 2248 1078 2276 sua
1107 2234 1157 2275 in
1187 2234 1486 2275 Pannoniam.

473 2293 668 2335 Interim
706 2307 813 2335 vero
853 2293 1077 2347 quaedam
1120 2306 1223 2347 pars
1268 2293 1323 2334 de
1364 2293 1566 2334 exercitu
1604 2292 1789 2336 illorum
1829 2292 1886 2333 de

333 2352 582 2407 aquilonali
613 2354 743 2407 parte
773 2352 974 2393 Danuvii
1004 2351 1206 2392 fluminis
1237 2353 1415 2406 partem
1446 2350 1575 2392 illam
1606 2350 1886 2392 devastando

332 2424 590 2466 prorupere.
663 2410 795 2462 Quod
833 2412 887 2451 ut
926 2409 1174 2464 Liutpoldo
1222 2410 1378 2451 comiti
1424 2412 1707 2464 compertum
1750 2408 1885 2458 foret,

332 2469 523 2511 moleste
554 2470 641 2511 hoc
672 2469 939 2524 patiendum
969 2469 1135 2518 ferens,
1170 2468 1417 2510 contractis
1439 2481 1593 2509 secum
1614 2467 1887 2522 quibusdam

333 2527 604 2583 primoribus
645 2528 1018 2577 Baiowariorum‚
1065 2541 1157 2569 uno
1197 2529 1382 2569 tantum
1422 2527 1730 2568 Pataviensis⁰
1768 2525 1886 2568 sedis

487 2652 522 2697 *)
546 2655 654 2696 atque
677 2651 858 2698 pontificis
882 2653 966 2688 add.
991 2655 1043 2689 30.

334 2772 363 2801 a)
382 2770 447 2797 call.
466 2770 491 2798 3.
562 2770 592 2801 b)
611 2768 734 2796 dimicas
754 2770 779 2797 3.
852 2771 878 2800 c)
898 2773 1011 2802 pattav.
1031 2770 1056 2797 3.

336 2874 370 2917 1)
393 2875 445 2908 De
468 2876 616 2909 interitu
639 2877 714 2909 eius
743 2876 788 2917 cf.
813 2876 1001 2910 Dic‘mmler
1025 2875 1097 2918 III,
1126 2887 1163 2919 p.
1190 2876 1258 2911 501
1276 2886 1328 2919 sq.
1447 2874 1484 2918 2)
1506 2874 1536 2910 I.
1561 2885 1589 2910 e.
1615 2872 1813 2916 debellare3
1845 2874 1888 2907 do

335 2921 396 2955 hoc
415 2922 552 2966 proelio
574 2923 620 2964 cf.
645 2923 831 2956 Dummler
859 2922 928 2966 HI,
950 2934 988 2966 p.
1014 2924 1094 2958 507.
1192 2923 1227 2966 3)
1250 2923 1363 2957 Emts.
