2020 3358
50 750 96 783 Ἴ».
104 750 165 778 392.

470 312 722 358 (AUCTORE
747 312 1117 357 ROEGINHARDO).
1166 313 1213 350 A.
1239 316 1319 350 877.
1345 316 1426 352 878.
1687 318 1732 352 91

906 428 1006 474 878.

320 501 778 545 DCOOLXXVIII.³
858 501 1016 544 Mense
1063 501 1279 544 Ianuario
1324 515 1404 544 rex
1450 504 1506 545 de
1552 500 1727 558 Aquisb
1748 520 1810 547 ian.

177 562 404 603 transiens
434 561 562 603 venit
583 561 642 602 ad
662 559 1000 602 Franconofurt
1031 562 1078 602 et
1107 559 1172 601 ibi
1204 561 1413 614 sequenti
1444 574 1598 603 mense
1631 575 1733 603 cum
1748 578 1835 605 Febr.

179 620 271 662 suis
311 619 588 673 colloquium
627 618 806 661 habuit.
870 618 1197 660 Oarlmannusc
1235 621 1413 674 partem
1442 619 1573 674 regni
1604 619 1734 661 Hlot·

178 674 341 728 hariid,
383 690 519 731 quam
557 677 733 732 priore⁶
771 690 891 718 anno
923 690 950 718 a
978 676 1200 719 fratribus
1231 677 1318 719 sibi
1347 678 1637 720 retinendam
1667 691 1734 719 ac·

179 738 375 791 ceperat,
398 730 699 778 Hludowicof
723 735 926 777 reddidit
938 738 961 766 ὅ
967 734 1016 775 ·1.
1058 730 1386 777 Hludowicush
1410 748 1491 778 rex
1511 749 1539 778 a
1557 732 1734 778 *diebus

179 794 551 848 quadragesimae
590 806 733 848 usque
772 794 832 835 ad
871 806 1074 835 mensem
1112 793 1288 835 Maium
1333 796 1535 836 moratus
1576 796 1646 836 est
1686 795 1734 835 in

178 852 290 894 villa
330 853 478 907 regia,
525 865 642 906 quae
680 854 871 894 vocatur
911 847 1060 902 Salz¹,
1108 854 1155 894 et
1193 852 1301 894 inde
1345 853 1572 894 transiens
1613 853 1734 908 apud
1748 868 1817 895 Mai.

180 911 516 953 Franconofurt
546 910 806 966 generalem
836 910 1001 952 habuit
1026 913 1322 961 conventum3
1355 911 1592 966 missisque
1623 925 1734 952 nun-

177 965 284 1011 ffisk
326 970 384 1011 ad
414 970 605 1012 fiatrem
645 982 778 1011 suum
810 968 1035 1010 Karolum
1074 971 1253 1024 partem
1290 969 1421 1024 regni
1451 965 1732 1019 Hlotharii¹,

179 1041 315 1082 quam
347 1041 375 1070 a
406 1027 722 1070 Carlmannom
753 1030 1004 1082 acceperat,
1038 1040 1142 1069 cum
1173 1040 1226 1069 eo
1258 1027 1436 1069 dividit.

320 1086 599 1128 Lantbertus
612 1086 628 1111 2
648 1086 848 1128 Witonis
878 1085 998 1127 filius
1029 1087 1076 1128 et
1097 1085 1418 1127 Adalbertusn·
1433 1085 1450 1111 ³
1474 1085 1728 1127 Bonifacii⁰

181 1144 302 1186 filius
331 1144 523 1186 Romam
564 1157 665 1185 cum
707 1157 847 1186 manu
885 1143 1039 1186 valida
1077 1144 1269 1198 ingressi
1310 1146 1418 1186 sunt
1450 1146 1497 1186 et
1527 1144 1734 1186 Iohanne
1747 1160 1867 1191 (Mare).

180 1202 385 1244 Romano
423 1202 638 1257 pontifice
676 1202 760 1244 sub
792 1202 1001 1244 custodia
1029 1203 1210 1244 retento
1241 1203 1484 1257 optimates
1513 1202 1734 1244 Romano·

180 1274 283 1301 rum
329 1260 600 1302 fidelitatem
647 1260 949 1302 Oarlmannop
1010 1257 1318 1314 [sacramento]
1373 1261 1552 1302 firmare
1605 1257 1733 1313 (iura-

181 1317 378 1371 mento)q
415 1321 674 1373 coegerunt.
722 1317 898 1370 Quibus
928 1318 1036 1360 inde
1067 1318 1406 1360 discedentibus
1435 1319 1559 1360 idem
1589 1319 1734 1373 ponti-

180 1377 257 1418 fex
297 1378 482 1418 domum
519 1377 666 1418 sancti
696 1377 823 1419 Petri
861 1377 1091 1431 ingressus
1137 1389 1292 1419 omnes
1328 1377 1581 1426 thesauros,
1623 1390 1735 1430 quos
1747 1393 1852 1425 (Apu).

180 1435 245 1476 ibi
275 1435 488 1490 repperit,
523 1435 582 1476 ad
612 1435 878 1477 Lateranisr
913 1434 1154 1476 transtulit
1185 1437 1232 1476 et
1263 1434 1409 1477 altare
1440 1435 1588 1476 sancti
1608 1434 1735 1477 Petri

182 1492 330 1534 cilicio
353 1493 587 1547 cooperuit
617 1495 665 1535 et
686 1495 854 1534 cuncta
873 1493 1048 1535 hostia⁸
1078 1492 1281 1535 eiusdem
1302 1493 1548 1535 aecclesiae
1570 1492 1736 1534 clausit

180 1550 450 1604 nullumque
481 1551 546 1592 ibi
567 1551 771 1592 officium
802 1551 861 1592 ad
882 1551 969 1593 Dei
1001 1550 1178 1592 cultum
1208 1551 1442 1606 pertinens
1472 1564 1553 1606 per
1582 1551 1735 1606 plures

182 1609 276 1650 dies
308 1607 641 1650 caelebratumt
682 1611 772 1659 est;
814 1611 873 1660 et,
916 1609 1037 1664 quod
1077 1609 1205 1651 dictu
1240 1609 1372 1652 nefas
1404 1611 1486 1659 est,
1525 1609 1734 1651 omnibus

181 1663 440 1721 (undique)¹¹
466 1667 577 1709 illuc
601 1680 738 1709 causa
757 1668 976 1709 orationis
994 1667 1284 1710 venientibus
1305 1667 1561 1722 negabatur
1581 1668 1735 1709 introi-

179 1728 255 1767 tus
287 1728 507 1779 erantque
537 1725 602 1767 ibi
633 1726 788 1768 omnia
818 1726 1021 1768 confusa.
1082 1726 1363 1768 Memoratus
1403 1729 1558 1768 autem
1589 1727 1734 1781 ponti·
1749 1742 1851 1773 (Μαι).

179 1783 257 1826 fex
287 1785 543 1826 conscensis
573 1784 766 1826 navibus
797 1797 878 1839 per
907 1797 1031 1826 mare
1052 1784 1332 1839 Tyrrenumv
1356 1797 1549 1839 regnum
1574 1784 1736 1826 Karoli

180 1842 388 1883 introivit
433 1842 587 1896 ibique
638 1855 719 1897 per
762 1845 914 1884 totum
960 1846 1115 1898 peneW
1159 1845 1362 1884 moratus
1408 1845 1478 1884 est
1523 1856 1694 1884 annum
1705 1843 1735 1882 4.

180 1900 383 1942 Tandem
430 1903 662 1955 assumpto
709 1901 953 1942 Buosone¹
1004 1901 1189 1951 comite,
1247 1901 1325 1955 qui
1370 1901 1553 1956 propria
1596 1914 1735 1943 uxore

181 1971 355 2000 veneno
397 1959 600 2000 extincta
638 1959 781 2000 filiam
818 1955 1108 2001 Hludowicif
1151 1960 1438 2014 imperatoris
1452 1959 1468 1984 ⁵
1507 1959 1563 2001 de
1595 1959 1737 2001 Italia

180 2029 262 2071 per
291 2017 383 2058 vim
414 2014 596 2072 (rapuit)
631 2014 869 2072 [rapuerat]
883 2021 922 2067 Y,
957 2030 1061 2059 cum
1090 2030 1259 2072 magna
1289 2017 1538 2059 ambitione
1568 2018 1618 2059 in
1646 2018 1735 2059 Ita·
1748 2034 1854 2066 (som).

180 2075 290 2116 liam
320 2075 457 2117 rediit
488 2078 535 2117 et
566 2089 670 2118 cum
701 2089 754 2118 eo
786 2076 1038 2118 machinari
1069 2076 1261 2127 studuit,
1293 2076 1519 2130 quomodo
1542 2089 1735 2130 regnum

179 2202 209 2230 a)
228 2198 459 2228 DCCCLXXVI.
478 2201 495 2226 2
513 2202 565 2232 (er.
585 2209 613 2229 a.
632 2201 708 2232 868).
800 2201 831 2232 b)
849 2201 1022 2233 aquisgrani
1040 2201 1081 2229 3c.
1170 2202 1198 2232 c)
1216 2200 1321 2228 karlm.
1339 2201 1450 2228 8c.d.e.
1468 2201 1501 2228 F.
1590 2199 1622 2232 d)
1641 2200 1736 2228 hluth.

181 2236 204 2262 1.
218 2235 296 2262 3c.d.
314 2235 361 2267 F.;
383 2235 458 2263 luth.
476 2236 516 2263 Se.
570 2239 598 2267 e)
617 2237 710 2268 priori
729 2227 839 2264 sonia.
858 2237 891 2263 F.
951 2236 976 2270 Ο
994 2234 1139 2262 hludouui
1159 2237 1190 2268 13
1211 2234 1320 2263 ludow.
1338 2236 1380 2263 δε.
1434 2238 1464 2268 g)
1483 2234 1608 2262 tradidit
1626 2236 1666 2263 30.
1675 2237 1704 2263 d.
1713 2244 1736 2263 e.

180 2269 211 2300 h)
230 2267 338 2297 ludow.
357 2271 397 2297 32.
464 2270 485 2302 i)
505 2270 566 2296 sale
585 2271 625 2298 30.
689 2271 721 2302 k)
739 2271 857 2297 nunciis
871 2272 897 2299 1.
909 2272 982 2299 iimo.
1043 2271 1065 2302 1)
1084 2271 1229 2297 hlutharii
1247 2271 1288 2299 30.
1297 2271 1325 2299 d.
1335 2277 1358 2299 e.
1371 2271 1405 2299 F.
1472 2272 1513 2302 m)
1532 2271 1635 2299 kin-lm.
1654 2271 1734 2303 ὅρος

180 2304 276 2332 Kalm.
294 2305 339 2332 3d.
426 2307 458 2336 n)
476 2305 608 2331 albertus
628 2306 674 2331 Sd.
754 2307 784 2337 ο)
803 2306 900 2334 Bonif.
919 2313 995 2334 corr.
1014 2306 1120 2334 Bonef.
1138 2306 1184 2333 Sd.
1270 2307 1302 2338 p)
1321 2306 1425 2333 karlm.
1444 2306 1529 2338 sc.d;
1554 2306 1677 2334 karloni.
1695 2307 1736 2334 3⁶.

180 2341 210 2372 q)
230 2339 302 2367 iirm.
322 2340 426 2367 iuram.
447 2342 479 2372 1;
508 2347 631 2368 sacram.
651 2341 725 2368 firm.
750 2341 776 2369 2.
794 2341 834 2368 3ο.
844 2342 872 2369 d.
882 2348 904 2369 e.
922 2341 956 2369 F.
1051 2343 1077 2373 r)
1096 2341 1240 2367 latai-anis
1260 2342 1292 2373 13
1322 2341 1472 2367 merenas
1491 2342 1524 2374 2;
1553 2341 1677 2367 lati-anis
1695 2343 1735 2368 δε.

180 2378 205 2404 s)
224 2375 301 2400 ostia
319 2376 359 2402 3c.
369 2376 396 2402 (1.
407 2382 428 2402 e.
447 2376 480 2403 F.
581 2378 604 2407 t)
624 2376 733 2404 celebr.
750 2377 791 2404 3⁶.
809 2376 842 2404 F.
942 2378 972 2407 u)
998 2376 1072 2401 deest
1092 2378 1116 2404 1,
1215 2378 1246 2408 v)
1269 2376 1413 2402 tirrenum
1432 2376 1458 2404 2.
1556 2378 1595 2407 w)
1615 2383 1691 2413 pene
1712 2378 1735 2404 1.

180 2411 211 2440 x)
230 2409 341 2435 bonone
359 2411 399 2437 3ο.
409 2411 436 2438 cl.
447 2417 469 2438 e.
488 2411 520 2438 F.
593 2412 623 2444 y)
643 2411 745 2443 rapuit
763 2413 794 2444 ις
821 2414 964 2444 rapuerat
982 2411 1008 2439 2.
1027 2412 1104 2439 Sad.
1115 2419 1137 2439 e.
1155 2411 1188 2439 F.

183 2502 216 2544 1)
240 2502 423 2536 Nimirum
448 2508 486 2536 ut
510 2504 659 2537 Italiam
691 2505 789 2539 solus
818 2506 992 2540 retineret.
1112 2504 1148 2548 2)
1171 2505 1259 2538 Dux
1282 2504 1418 2549 Spoleti
1439 2515 1467 2540 c.
1491 2505 1678 2540 858—871
1703 2509 1736 2538 et

179 2550 388 2589 875—879,·
405 2550 590 2584 demler
604 2551 676 2593 III,
691 2562 729 2595 p.
742 2553 797 2587 19.
807 2552 957 2587 73—75.
1023 2551 1059 2595 3)
1071 2551 1236 2585 Mar-chio
1253 2551 1408 2595 Tusciae,
1426 2551 1559 2585 abavus
1573 2553 1735 2585 comitum

180 2595 406 2636 Remmium,-
439 2597 625 2631 Dn²mmler
648 2597 721 2640 III,
744 2609 782 2642 p.
801 2599 857 2634 16.
953 2598 990 2642 4)
1013 2599 1128 2632 Roma
1152 2608 1264 2632 mense
1288 2598 1486 2632 Februario
1509 2602 1573 2631 aut
1597 2598 1735 2631 Martio

180 2653 203 2675 α
225 2642 418 2676 Lantbmo
441 2647 471 2676 et
495 2644 688 2678 Adalberto
713 2649 879 2689 occupata
899 2645 1082 2687 Iohannes,
1109 2655 1207 2689 quem
1234 2645 1293 2678 illi
1312 2655 1379 2689 per
1403 2645 1555 2687 triqinta
1579 2644 1654 2678 dies
1677 2645 1734 2678 ob-

180 2689 352 2731 sederant,
381 2700 492 2724 mense
508 2690 609 2724 Maio
626 2691 665 2724 in
681 2701 830 2734 requam
846 2692 1054 2726 occidentale
1074 2692 1254 2735 profectus
1277 2695 1348 2732 est:
1372 2691 1436 2725 ubi
1456 2701 1534 2724 cum
1558 2691 1607 2724 ad
1630 2701 1734 2734 syno-

179 2736 264 2769 dum
294 2735 490 2770 Treceneem
514 2737 689 2771 mensibus
713 2738 875 2780 Augusto
896 2742 928 2772 et
952 2738 1147 2782 Septembri
1178 2737 1336 2771 habitam
1369 2747 1467 2780 reyes
1498 2742 1530 2771 et
1562 2738 1735 2782 episcopos

179 2793 368 2825 reynerum
403 2784 630 2817 orientalium
665 2794 838 2818 arcessere
870 2785 1014 2827 frustra
1047 2785 1285 2827 contendisset,
1321 2785 1527 2818 assentiente
1550 2784 1735 2819 Ludmoico

180 2829 294 2863 Balbo
317 2840 394 2862 cum
420 2831 553 2864 Bosone
576 2831 698 2865 comite
716 2831 904 2865 Viennensi
925 2832 1128 2865 conimwtus
1144 2831 1332 2865 Novembri·
1355 2832 1394 2864 in
1418 2831 1567 2865 Italiam
1590 2833 1732 2874 revenit,

179 2877 280 2910 cuius·
315 2877 534 2911 dominatum
570 2888 594 2911 a
626 2877 845 2912 Carlmanno
880 2878 929 2911 acl
960 2878 1129 2911 Boeonem
1164 2878 1302 2920 deferre
1337 2879 1547 2922 nequiquam
1583 2878 1731 2912 studuit.

179 2922 366 2956 Dummler
389 2924 462 2967 III,
484 2936 521 2968 p.
541 2926 691 2960 73—91.
788 2926 824 2968 5)
847 2925 1144 2967 Erminyardam.
