2020 3358
91 1462 182 1490 ProV.
192 1462 273 1495 1,17.

281 303 328 339 53
634 299 753 337 11111.
778 299 924 337 FULD.
948 299 1080 336 PARS
1103 299 1155 336 11.
1182 281 1488 345 (FULDENSIS)

283 423 330 463 et
377 420 735 463 assertionibusa
786 421 965 463 firmare
1012 423 1236 462 conantur
1246 418 1280 462 *.
1362 417 1639 476 Proptereab
1659 422 1671 432 ‘
1691 423 1835 477 partis

281 480 520 534 utriusque
551 480 823 535 scriptorum
854 479 1015 522 seriem
1046 480 1117 520 his
1149 479 1391 521 annalibus
1422 480 1710 522 inserendam
1737 494 1836 523 esse

282 538 494 588 iudicavi,
536 538 907 580 discernendam⁰
952 538 1019 579 rei
1056 538 1298 580 veritatem
1328 537 1511 580 lectoris
1542 538 1731 580 arbitrio
1763 540 1837 580 de·

282 595 557 650 relinquens.
618 595 679 638 Et
710 597 823 638 haec
854 596 1037 650 quidem
1068 598 1175 637 sunt
1207 595 1483 650 apostolicae
1510 597 1628 639 sedis
1651 597 1839 639 decreta

284 654 508 696 sinodalia
522 654 556 696 l:

425 709 607 744 ‘Nicolaus
631 719 755 744 servus
779 719 966 744 servorum
984 708 1054 743 Dei
1077 708 1375 744 reverentissimis
1400 710 1438 744 et
1461 709 1692 744 sanctissimis
1716 710 1836 744 fratri-

282 756 351 791 bus
380 756 523 800 nostris,
558 755 835 801 archiepiscopis
866 755 905 790 in
929 766 1042 800 regno
1066 754 1277 790 Hluduwici
1301 756 1396 800 regis
1422 755 1595 790 Germani
1621 757 1837 793 constitutis.

284 802 421 847 Scelus,
447 802 545 847 quod
568 801 784 837 Hlutharius
808 813 884 847 rex,
910 802 940 837 si
963 805 1087 837 tamen
1110 813 1175 838 rex
1199 802 1377 837 veraciter
1401 802 1472 837 dici
1496 802 1620 847 possit,
1650 803 1712 846 qui
1736 803 1837 838 nullo

283 849 419 884 salubri
442 849 618 895 regimine
643 849 805 894 corporis
829 849 1011 894 appetitus
1034 848 1205 891 refrenat,
1230 849 1294 884 sed
1310 849 1450 884 lubrica
1467 850 1704 884 enervacione
1720 850 1851 895 magis,

282 897 394 941 ipsius
426 895 558 931 illicitis
591 895 750 931 motibus
784 896 890 940 cedit,
924 895 963 931 in
996 895 1135 931 duabus
1169 896 1323 939 feminis,
1349 895 1609 941 Theutpergad
1640 896 1776 931 scilicet
1801 899 1840 932 et

283 942 512 986 Waltdruda,
544 943 734 987 commisit,
767 942 934 978 omnibus
957 942 1190 978 manifestum
1215 945 1280 979 est.
1329 942 1400 979 Sed
1425 945 1462 977 et
1486 943 1624 978 dudum
1649 943 1837 988 episcopos

284 989 566 1035 Theutgaudum
591 993 628 1025 01
653 989 907 1024 Gundharium
939 989 978 1024 in
1010 990 1075 1024 tali
1107 989 1203 1024 facto
1238 1001 1322 1025 eum
1355 989 1522 1025 habuisse
1555 993 1694 1025 tutores
1729 993 1838 1034 atque

283 1036 469 1071 fautorese
499 1047 594 1081 pene
617 1039 715 1071 totus
740 1036 844 1071 nobis
869 1036 966 1071 orbis
990 1036 1150 1080 undique
1182 1035 1229 1070 ad
1258 1036 1384 1071 limina
1415 1048 1479 1072 seu
1503 1036 1625 1072 sedem
1651 1037 1839 1072 confluens

284 1083 519 1128 apostolicam
553 1083 745 1127 referebat,
783 1083 991 1118 absentibus
1028 1093 1172 1127 quoque
1207 1083 1246 1117 id
1281 1083 1400 1128 ipsum
1436 1087 1561 1118 nostro
1597 1084 1839 1119 scribentibus

285 1130 513 1175 apostolatui.
561 1129 669 1174 Quod
692 1140 759 1164 nos
783 1131 886 1164 tanto
912 1129 1060 1165 credere
1084 1129 1307 1173 rennuimus,
1332 1133 1468 1174 quanto
1493 1130 1540 1165 de
1564 1130 1741 1175 episcopis
1764 1131 1838 1165 tale

284 1176 372 1230 quid
406 1176 531 1211 audire
564 1177 769 1211 nullatenus
803 1177 1056 1220 sperabamus3
1091 1176 1208 1211 donec
1231 1176 1301 1220 ipsi
1324 1176 1482 1212 Romam
1506 1179 1670 1221 tempore
1695 1177 1839 1212 concilii

283 1223 470 1258 venientes
495 1234 617 1258 coram
641 1223 746 1258 nobis
771 1226 808 1258 et
832 1225 957 1258 sancta
980 1222 1107 1257 sinodo
1132 1223 1222 1258 tales
1245 1223 1384 1258 inventi
1408 1226 1503 1268 311111,
1538 1224 1661 1268 quales
1694 1223 1842 1258 fuerant

285 1281 307 1305 a
330 1270 453 1304 multis
485 1270 669 1315 sepissime
698 1269 915 1315 praedicati3
948 1270 1001 1304 ita
1033 1272 1076 1304 ut
1108 1269 1297 1314 scriptura,
1331 1281 1440 1314 quam
1474 1270 1546 1304 suis
1580 1271 1841 1315 stipulaverant

283 1317 451 1351 manibus
468 1328 648 1361 quamque
665 1317 846 1360 volebant,
871 1320 914 1351 ut
936 1318 1061 1352 nostro
1085 1317 1340 1352 roboraremus
1360 1317 1597 1362 cyrographo,
1623 1320 1842 1371 caperentur

286 1366 333 1407 et,
359 1363 446 1398 dum
470 1364 710 1418 muscipulam
734 1363 986 1399 innocentibus
1018 1374 1202 1409 opponere
1235 1367 1451 1409 satagerent,
1485 1364 1623 1399 insidiis
1657 1365 1729 1399 suis
1762 1364 1839 1399 illa-

286 1411 409 1455 queati
433 1410 544 1445 suntf
572 1411 651 1456 ipsi.
701 1410 834 1455 Sicque
858 1411 1067 1455 conpletum
1092 1414 1147 1445 031,
1166 1410 1245 1445 Deo
1270 1413 1428 1455 auctore,
1455 1411 1553 1455 quod
1576 1411 1615 1446 in
1631 1411 1838 1446 Proverbiis

285 1457 437 1504 legitur:
474 1459 632 1492 Frustra
665 1459 856 1492 iactatur&
893 1462 974 1492 ante
1006 1458 1122 1492 oculos
1153 1462 1224 1491 rete
1252 1463 1498 1502 pennatorum.
1549 1457 1736 1502 Siquidem
1770 1458 1839 1503 ipsi

286 1504 437 1549 obligati
462 1507 546 1539 sunt
570 1507 608 1539 et
632 1504 861 1548 ceciderunt3
889 1515 955 1539 nos
979 1515 1078 1547 vero,
1103 1503 1165 1548 qui
1188 1505 1227 1538 in
1251 1504 1321 1539 1100
1345 1504 1527 1549 flagicium
1553 1504 1643 1539 falso
1668 1504 1839 1558 cecidisse

286 1551 508 1594 dicebamur,
541 1550 718 1586 faventeh
748 1531 905 1586 Domi’no
931 1562 1014 1586 cum
1038 1551 1200 1586 1113110130
1223 1551 1554 1596 propugnatoribus
1579 1550 1839 1586 resurreximus

287 1600 325 1633 et
348 1598 461 1633 erecti
484 1610 618 1634 sumus.
666 1597 787 1643 Igitur
811 1598 1029 1633 decernente
1052 1597 1242 1632 nobiscum
1266 1601 1390 1633 sancta
1414 1598 1541 1633 sinodo
1573 1598 1611 1632 in
1634 1599 1840 1643 praesentia

287 1645 442 1690 depositi
467 1647 504 1680 et
528 1646 573 1680 ab
599 1644 713 1680 offitio
739 1645 953 1680 sacerdotali
979 1644 1299 1679 excommuni'cati
1323 1648 1431 1689 atque
1456 1657 1477 1680 a
1501 1645 1677 1690 regimine
1702 1645 1839 1690 episco-
1852 1653 1867 1669 ⁸
1890 1675 1898 1682 .

286 1695 394 1737 patus
431 1692 577 1727 alienati
612 1692 861 1727 indubitanter
898 1692 1068 1728 existunt.
1116 1691 1224 1727 Unde
1260 1695 1379 1727 vestra
1415 1692 1621 1726 fraternitas
1658 1703 1839 1727 canonum

286 1749 452 1774 normam
478 1738 705 1774 custodiensi
736 1741 773 1774 et
797 1737 1055 1774 decretorumk
1083 1739 1286 1773 sanctiones
1312 1739 1504 1773 observans
1530 1742 1666 1782 caveat,
1691 1750 1738 1774 ne
1761 1739 1839 1782 hos,

287 1797 377 1830 quos
410 1797 476 1820 nos
510 1786 717 1830 abiecimus,
751 1786 913 1830 recipere
945 1785 985 1819 in
1018 1785 1247 1820 sacerdotum
1281 1785 1469 1831 catalogol
1502 1789 1719 1830 praesumat.
1767 1785 1839 1821 De-

285 1832 479 1877 posicionis
503 1835 625 1868 autem
650 1833 830 1867 sententia
838 1839 880 1877 ¹¹¹,
907 1843 1015 1876 quam
1039 1832 1078 1866 in
1101 1832 1306 1876 praedictos
1323 1832 1604 1878 Theutgaudum
1621 1835 1660 1868 et
1675 1832 1840 1868 (111111113-

286 1879 382 1914 1111111
414 1880 648 1924 protulimus,
683 1891 767 1914 cum
801 1879 930 1914 ceteris
962 1879 1143 1924 capitulis,
1179 1890 1271 1923 quae
1305 1882 1430 1914 sancto
1464 1880 1617 1915 concilio
1650 1879 1841 1915 nobiscum

287 1926 471 1961 sanciente
495 1926 814 1972 promulgavimus,
838 1926 988 1961 inferius
1014 1937 1155 1961 annexa
1178 1926 1459 1961 monstrabitur:

287 2031 353 2066 DE
378 2030 562 2067 SINODO
585 2031 642 2066 IN
663 2030 1003 2067 METTENSIUM
1019 2030 1156 2066 URBE
1178 2031 1215 2066 A
1232 2030 1581 2067 THEUTGAUDO
1603 2030 1668 2066 ΕΤ
1686 2030 1842 2067 GUNT-

286 2077 452 2113 HARIO
482 2077 906 2114 ARCHOEPISOOPIS
937 2077 1283 2161 ΟἛἚΒἚΘΑΤΑ
1308 2078 1527 2114 PENITUS
1554 2078 1842 2115 ABOLENDA

433 2182 621 2226 Sinodum,
653 2189 779 2227 quaen
808 2194 935 2227 nuper,
964 2183 1001 2217 id
1027 2186 1081 2218 031
1105 2183 1172 2218 sub
1195 2183 1355 2228 piissimo
1380 2184 1599 2228 imperatore
1623 2182 1844 2217 Hludowico

287 2241 355 2275 per
387 2229 648 2265 indictionemo
679 2229 909 2265 undecimam
934 2241 1058 2265 mense
1082 2229 1202 2274 1111110,
1234 2230 1272 2264 111
1295 2229 1532 2265 Μο110113111111
1565 2230 1655 2264 urbe
1688 2229 1733 2264 ab
1767 2230 1842 2274 epi

446 2346 482 2391 ³⁸)
507 2347 655 2382 Omissis
670 2348 730 2390 eis,
757 2358 845 2391 quae
860 2352 1064 2391 sequuntur,
1091 2358 1198 2391 usqae
1222 2348 1271 2380 ad
1294 2348 1397 2390 finem
1418 2348 1526 2381 haias
1545 2349 1667 2391 partis
1683 2347 1844 2381 omnibus

501 2395 631 2428 codices
654 2396 673 2430 1
699 2399 731 2428 et
754 2396 776 2429 2
801 2396 970 2438 (recens-io
988 2395 1113 2438 prima
1137 2395 1182 2427 ab
1205 2398 1345 2428 auctore
1365 2396 1486 2439 partis
1510 2395 1634 2428 tertiae
1658 2395 1843 2436 instituta)

501 2442 584 2475 haec
617 2446 754 2475 tantum
784 2441 966 2475 exhibent:
1001 2439 1227 2484 Scripturam
1252 2443 1372 2475 autem
1399 2441 1585 2484 utriusque
1609 2440 1722 2485 partis
1747 2440 1843 2484 quis·

502 2487 582 2532 quis
627 2487 788 2523 curiosus
828 2487 920 2522 scire
955 2487 1160 2531 volueritv,
1202 2486 1240 2522 in
1281 2488 1463 2522 nonnullis
1501 2486 1719 2522 Germaniae
1754 2486 1845 2521 locis

500 2534 636 2580 poterit
658 2534 864 2571 invenireq.

290 2641 320 2673 a)
338 2640 557 2666 asser-sionibus
577 2641 602 2667 3.
679 2641 710 2672 b)
729 2641 832 2665 abhinc
850 2647 936 2672 usque
953 2640 984 2664 in
1002 2640 1086 2671 finem
1106 2641 1176 2665 anni
1196 2641 1293 2665 omnia
1312 2641 1341 2664 n'n
1360 2647 1417 2664 uno
1436 2641 1530 2666 codice
1541 2640 1557 2665 3
1575 2640 1615 2670 (et
1633 2639 1848 2670 exemplat-ibae

290 2677 356 2700 inde
373 2676 526 2707 derivatis)
545 2676 731 2703 continentur.
822 2677 849 2706 c)
869 2673 1067 2701 discernende
1086 2675 1111 2702 3.
1201 2674 1232 2706 (1)
1253 2676 1418 2707 theuperga
1436 2676 1462 2702 3.
1551 2675 1580 2708 e)
1597 2677 1734 2700 auctores
1752 2677 1846 2705 atque

290 2712 418 2736 factores
438 2711 623 2738 Hincmarus.
722 2711 746 2742 f)
770 2710 848 2736 sieut
866 2710 898 2743 ὃς
928 2710 989 2736 sint
1008 2710 1121 2738 Hincm.
1210 2710 1240 2743 g)
1264 2711 1373 2736 iacitur
1391 2711 1503 2737 Hincm.
1602 2710 1633 2741 11)
1655 2709 1786 2735 faciente
1805 2709 1842 2736 H.

292 2746 314 2771 il
332 2744 503 2771 custodiaris
523 2747 548 2773 3.
647 2745 678 2776 k)
698 2744 883 2771 decretorem
902 2745 927 2773 ⁸.
1026 2745 1047 2776 1)
1066 2745 1175 2772 cathal.
1193 2746 1218 2772 3.
1316 2747 1357 2776 m)
1375 2745 1554 2771 sententiam
1573 2744 1598 2772 3.
1687 2745 1719 2774 n)
1738 2750 1796 2776 quc
1817 2744 1843 2771 Β.

291 2782 320 2812 ο)
338 2779 537 2806 indice-ionem
557 2781 582 2808 8.
655 2783 686 2813 p)
704 2779 857 2807 desiderat
877 2781 903 2808 2.
974 2782 1005 2813 q)
1023 2781 1069 2805 hic
1087 2782 1117 2805 in
1136 2784 1254 2813 utroque
1272 2781 1365 2806 cod-'ce
1382 2781 1515 2806 continuo
1533 2781 1660 2812 sequ-'eur
1678 2786 1770 2804 annue
1782 2780 1844 2806 864.

292 2873 327 2917 1)
349 2874 509 2908 Eandem
533 2875 720 2918 epistulam
745 2875 858 2907 eodem
883 2879 1033 2918 tempore
1056 2875 1105 2907 ad
1128 2875 1302 2918 episcopos
1327 2874 1548 2908 occidentalis
1571 2874 1674 2915 reyni
1696 2873 1843 2906 missam

289 2921 511 2954 Hincmarus
535 2922 574 2954 in
598 2923 693 2956 Arm.
719 2921 1030 2961 Rerum-exhibet.
