2020 3358
58 543 118 571 888.
129 543 192 570 lan,
202 542 245 570 18.

127 1183 214 1210 Mart.
223 1183 249 1210 7.

153 1823 251 1857 (Iun.).

152 2233 249 2267 (Oct.)-

259 293 328 328 116
718 288 996 326 ANNALIUM
1019 288 1352 326 FULDENSIUM

259 411 338 453 diu
377 413 490 466 aput
528 423 575 453 se
613 411 828 461 retinuit;
868 423 977 452 nam
1015 423 1183 466 paucos
1223 410 1320 452 dies
1359 410 1471 452 locis
1511 423 1539 451 a
1574 422 1682 463 rege
1722 409 1809 452 sibi

259 469 481 512 concessis
519 468 731 523 religiose
770 468 1046 518 morabatur,
1092 471 1196 523 post
1236 468 1407 510 Christi
1451 468 1694 510 nativitate
1735 469 1809 510 die

258 528 371 570 Idus
410 527 510 570 Ian·
549 527 767 568 ultimum
806 527 928 569 diem
966 526 1167 568 feliciter
1207 526 1385 568 clausit.
1455 526 1516 568 Et
1554 527 1721 567 mirum
1759 526 1810 567 in

258 587 456 637 modum,
496 599 640 640 usque
680 586 790 627 dum
829 585 1076 626 honorifice
1107 585 1313 639 Augensi
1349 584 1540 627 ecclesia
1576 585 1808 639 sepelitur,

259 644 408 687 celum
447 647 656 699 apertum
695 643 854 685 multis
895 642 1187 685 cernentibus
1225 643 1374 684 visum
1419 645 1506 692 est,
1553 646 1607 684 ut
1652 646 1809 698 aperte

258 705 601 753 monstraretur,
634 702 713 756 qui
743 703 920 756 spretus
950 703 1160 743 terrenae
1195 701 1434 755 dignitatis
1465 701 1523 743 ab
1548 701 1810 743 hominibus

260 761 454 811 exuitur,
498 760 597 802 Deo
644 760 809 814 dignus
855 759 1064 802 caelestis
1110 759 1286 815 patriae
1325 759 1516 801 vernula
1560 762 1811 802 mereretur

258 819 457 861 feliciter
487 818 661 861 haberi.
981 873 1069 919 888

401 934 874 978 DCCCLXXXVIII.
935 935 1033 977 Rex
1053 935 1274 977 Arnolfus
1305 935 1418 977 urbe
1443 935 1718 977 Radasbona
1746 947 1811 977 re-

261 994 404 1048 ceptis
425 993 697 1049 primoribus
714 993 1081 1043 Baiowariorum,
1105 993 1350 1035 orientales
1366 993 1578 1044 Francos,
1597 993 1809 1043 Saxones,

260 1052 504 1106 Duringos,
537 1051 830 1100 Alamannos,
870 1064 1038 1105 magna
1067 1053 1198 1106 parte
1230 1051 1568 1102 Sclavanorum,
1608 1051 1812 1094 natalem

261 1110 448 1152 Domini
479 1111 526 1151 et
555 1110 773 1164 pascham
802 1108 975 1151 ibidem
1005 1109 1253 1151 honorifice
1285 1110 1547 1151 celebravit.
1608 1109 1700 1151 1110
1731 1110 1812 1151 diu

261 1170 467 1210 morante
506 1168 642 1209 multi
680 1167 830 1222 reguli
867 1168 917 1209 in
948 1167 1131 1222 Europa
1160 1167 1234 1209 vel
1263 1181 1405 1222 regno
1435 1167 1598 1209 Karoli
1637 1168 1708 1210 sui
1739 1182 1812 1223 pa-

259 1226 422 1269 truelis
453 1239 703 1268 excrevere.
764 1225 886 1267 Nam
916 1225 1189 1280 Perngarius
1221 1226 1343 1268 filius
1364 1225 1622 1268 Ebarhardi
1651 1226 1702 1267 in
1722 1226 1813 1268 Ita-

261 1285 325 1327 lia
354 1298 402 1327 se
431 1298 585 1339 regem
621 1285 756 1335 facit3
797 1284 1055 1327 Ruodolfus
1085 1297 1191 1327 vero
1229 1284 1350 1326 filius
1383 1284 1647 1326 Chuonradi
1686 1298 1813 1340 supe-

259 1344 426 1386 riorem
446 1343 761 1397 Burgundiam
792 1343 915 1398 apud
945 1356 992 1385 se
1023 1344 1189 1385 statuit
1208 1343 1427 1397 regaliter
1445 1345 1673 1394 retenere;
1705 1344 1813 1386 inde

261 1403 416 1456 itaque
437 1401 735 1443 Hludowicus
767 1401 888 1443 filius
909 1401 1139 1443 Buosoni²²
1175 1404 1222 1443 et
1242 1398 1370 1443 Wito
1384 1401 1400 1426 ¹
1430 1401 1551 1443 filius
1571 1401 1815 1444 Lantberti

263 1459 463 1503 Galliam
493 1460 728 1514 Belgicam
766 1473 946 1502 necnon
975 1460 1263 1502 Provinciam
1301 1462 1437 1515 prout
1475 1473 1605 1514 reges
1644 1461 1813 1502 habere

261 1521 614 1574 proposuerunt;
649 1517 748 1560 Odo
769 1518 891 1560 filius
911 1518 1133 1560 Rodberti
1159 1532 1302 1572 usque
1325 1520 1383 1560 ad
1404 1519 1603 1573 Ligerim
1624 1519 1814 1561 fluvium

261 1577 335 1619 vel
365 1577 690 1631 Aquitanicam
725 1577 1005 1632 provinciam
1035 1577 1122 1619 sibi
1152 1578 1202 1618 in
1230 1591 1365 1619 usum
1394 1578 1652 1632 usurpavit;
1692 1577 1813 1620 dein-

263 1649 367 1691 ceps
397 1635 669 1677 Ramnolfus
683 1636 699 1660 ²
728 1648 776 1677 se
806 1648 961 1690 regem
990 1635 1151 1677 haberi
1182 1636 1359 1677 statuit.

404 1694 490 1735 His
531 1694 700 1735 auditis
729 1707 810 1736 rex
839 1694 1080 1736 Franciam
1118 1694 1259 1749 peciit
1298 1694 1547 1748 habitoque
1587 1695 1647 1736 ad
1676 1694 1813 1736 Fran-

264 1752 477 1794 conofurt
506 1752 710 1807 generali
738 1755 966 1794 conventu
986 1753 1209 1807 disposuit
1231 1754 1477 1795 adventare
1493 1752 1812 1794 Wormaciam.

265 1810 397 1863 Quod
416 1824 523 1853 vero
545 1810 644 1853 Odo
666 1811 946 1866 comperiens
977 1811 1151 1853 salubri
1180 1813 1314 1853 utens
1342 1811 1530 1853 consilio
1553 1813 1814 1853 contestans

263 1883 310 1912 se
349 1869 488 1912 malle
528 1883 661 1911 suum
698 1883 892 1923 regnum
930 1870 1080 1923 gratia
1120 1883 1223 1911 cum
1261 1870 1381 1924 regis
1421 1870 1607 1924 pacifice
1643 1869 1813 1912 habere

262 1941 394 1983 quam
436 1927 534 1970 ulla
572 1928 795 1970 iactantia
826 1930 986 1970 contra
1017 1929 1113 1970 eius
1145 1928 1418 1970 fidelitatem
1449 1928 1703 1983 superbire;
1743 1941 1814 1970 ve·

261 1987 482 2040 niensque
521 1986 758 2028 humiliter
798 1987 857 2028 ad
894 1999 1049 2041 regem
1063 1986 1079 2011 3
1118 1989 1164 2029 et
1203 1989 1441 2041 gratanter
1479 1987 1544 2028 ibi
1582 1987 1814 2042 recipitur.
1880 1997 1883 1998 ⁷
1948 1959 1953 1989 Ἰ

261 2045 416 2087 Rebus
448 2045 505 2086 ab
536 2047 730 2099 utraque
761 2047 903 2100 parte,
945 2047 1081 2100 prout
1113 2045 1299 2100 placuit,
1341 2059 1553 2100 prospere
1586 2045 1814 2100 dispositis

262 2104 572 2158 unusquisque
602 2116 808 2145 reversus
840 2105 909 2145 est
939 2104 987 2144 in
1019 2117 1114 2145 sua.

403 2162 501 2203 Rex
532 2164 691 2203 contra
720 2162 974 2214 Rodulfum
1004 2162 1248 2204 Elisaciam
1278 2163 1584 2217 progreditur;
1616 2162 1724 2204 inde
1756 2162 1815 2203 ad

263 2233 368 2262 eum
397 2217 554 2261 *misso
586 2220 887 2262 Alamannico
928 2221 1130 2262 exercitu
1168 2221 1264 2275 ipse
1304 2234 1385 2275 per
1415 2221 1656 2262 Franciam
1686 2220 1814 2262 Baio·
1828 2233 1843 2248 *
1865 2255 1873 2262 .

263 2279 447 2320 wariam
484 2291 690 2320 reversus
731 2280 813 2320 est.
879 2278 1105 2320 Rodolfus
1152 2279 1274 2320 enim
1318 2279 1434 2320 inito
1478 2279 1674 2327 consilio¹
1711 2292 1815 2320 cum

263 2336 535 2391 primoribus
565 2336 927 2378 Alamannorum
957 2339 1118 2392 sponte
1150 2350 1232 2378 sua
1269 2337 1328 2378 ad
1357 2350 1510 2391 regem
1539 2337 1701 2379 urbem
1730 2337 1815 2378 Ba-

265 2395 539 2437 dasbonam4
568 2408 711 2449 usque
742 2395 950 2450 pervenit
970 2395 1205 2450 multaque
1226 2396 1347 2437 inter
1367 2395 1471 2437 illos
1493 2396 1816 2437 convenienter

264 2454 467 2495 adunata
496 2454 593 2508 ipse
624 2467 651 2494 a
680 2466 787 2508 rege
820 2467 923 2495 cum
962 2467 1074 2508 pace
1110 2454 1368 2509 permissus,
1410 2454 1546 2496 sicuti
1575 2454 1714 2504 venit,
1756 2454 1815 2496 ad

264 2526 346 2553 sua
374 2512 608 2554 remeavit.

263 2604 292 2633 a)
311 2603 354 2627 ita
372 2603 406 2634 3,-
424 2603 461 2633 cr.
480 2602 565 2633 infra
584 2609 612 2630 a.
631 2602 692 2629 890.

265 2673 300 2715 1)
329 2673 431 2706 Wido
455 2672 507 2707 II.
541 2673 617 2705 dux
640 2672 783 2716 Spoleti,
817 2673 917 2715 filius
939 2673 1100 2707 Widom's
1123 2674 1154 2709 I.
1188 2678 1220 2707 et
1243 2674 1361 2715 frater
1384 2673 1571 2707 Lantberti
1594 2673 1646 2714 I.,·
1679 2675 1742 2716 qui
1771 2684 1815 2707 ex

262 2724 361 2761 qente
389 2719 611 2753 nobilissima
634 2720 908 2753 Austrasiorum
940 2724 1040 2754 ortus
1072 2725 1146 2754 tum
1178 2731 1327 2763 reqnum
1353 2721 1494 2754 Galliae
1517 2721 1711 2763 capessivit,
1741 2720 1811 2762 sed,

263 2776 341 2799 cum
373 2766 414 2799 de
440 2765 571 2799 odonis
601 2766 759 2799 electione
791 2767 991 2809 audivisset,
1027 2768 1067 2800 in
1099 2767 1248 2800 Italiam
1280 2768 1398 2802 rediit.
1447 2767 1502 2808 Cf.
1528 2767 1715 2799 Dammzer
1738 2767 1811 2809 IH,

259 2824 298 2856 p.
315 2813 396 2854 217,
422 2823 457 2847 n.
474 2814 497 2847 2
521 2817 553 2845 et
573 2824 610 2856 p.
628 2814 699 2848 313
714 2823 787 2856 sqq.
882 2814 919 2857 2)
941 2814 1029 2847 Dux
1044 2815 1271 2857 Aquitaniae.
1367 2814 1403 2857 3)
1426 2813 1522 2846 Iulio
1543 2817 1607 2846 aut
1630 2814 1814 2855 Anyto-sim·

264 2859 450 2892 Dammler
465 2859 539 2902 III,
562 2870 599 2902 p.
617 2861 698 2895 321.
769 2859 806 2903 4)
835 2860 901 2893 Ubi
922 2860 1066 2894 chartae
1084 2861 1153 2896 Oct.
1171 2863 1204 2897 9.
1229 2865 1261 2894 et
1276 2861 1362 2895 Non.
1378 2862 1412 2896 8.
1437 2861 1541 2893 datae
1564 2864 1647 2893 sunt
1672 2859 1813 2903 (Mam-

265 2905 390 2939 bacher
415 2906 507 2941 1755
530 2910 562 2939 et
587 2907 709 2948 1757).
