2020 3358
166 1603 252 1630 Mart.
262 1603 304 1631 31.

319 305 388 340 124
774 301 1052 339 ANNALIUM
1075 301 1408 339 FULDENSIUM

317 423 540 466 exercitus
577 422 738 465 urbem
773 423 1029 465 invadendo
1059 425 1114 464 ut
1142 422 1279 464 turbo
1311 422 1539 478 dispoliat.
1601 423 1867 466 Ambrosius

318 495 478 531 comes,
511 483 671 523 auctor
693 481 999 523 contentionis
1025 483 1184 523 contra
1212 494 1378 534 regem,
1411 482 1668 535 quandam²
1703 482 1868 523 turrim

315 535 480 594 fugaeb
517 540 793 595 praesidium
823 552 1043 593 quaerens
1075 539 1292 589 ascendit,
1324 540 1405 581 sed
1434 553 1527 582 non
1557 539 1687 582 utile.
1748 539 1869 581 Nam

317 611 424 654 prae
460 598 614 640 furore
650 598 820 639 iudicio
852 597 1075 639 exercitus
1107 599 1268 652 captus
1299 598 1346 639 et
1359 596 1375 622 ¹
1404 611 1509 639 mox
1539 598 1747 652 patibulo
1778 611 1868 639 sus-

317 670 483 712 pensus
524 659 613 706 est;
655 669 768 697 uxor
807 668 914 697 vero
954 655 1050 697 eius
1091 657 1138 697 et
1173 655 1258 696 filii
1289 669 1393 696 cum
1422 659 1615 710 magno⁰
1651 657 1868 698 thesauro

315 716 413 769 regi
453 714 732 770 praesentati
769 716 890 755 sunt.
957 713 1207 768 Episcopus
1248 714 1388 756 etiam
1427 714 1630 756 eiusdem
1669 714 1869 757 civitatis
1941 755 1946 763 ,

316 774 499 815 nomine
531 772 810 814 Adalbertus
841 772 907 814 ibi
938 773 1289 827 comprehensus
1320 774 1390 814 est
1421 774 1468 814 et
1498 769 1745 814 Haddoni‘l
1781 773 1869 828 epi·

317 845 451 886 scopo
495 831 766 873 servanduse
813 831 1092 873 conceditur.
1162 830 1284 872 Hinc
1327 833 1487 872 tantus
1531 831 1678 872 terror
1721 833 1870 873 totam
2006 839 2008 882 ᾗ

317 890 503 932 Italiam
533 889 714 939 invasit,
747 892 801 930 ut
825 889 1047 931 maximae
1077 889 1224 939 urbes,
1257 889 1587 931 Mediolanium
1618 889 1794 931 scilicet
1822 892 1870 932 et
1939 921 1942 923 Α

317 949 472 1004 Papia,
505 950 666 1003 sponte
699 948 758 989 ad
787 961 942 1002 regem
971 948 1205 989 venientes
1236 960 1284 989 se
1315 943 1662 989 subdideruntf.

458 1007 683 1048 Primores
714 1007 869 1060 itaque
899 1006 1201 1056 marahenses,
1234 1006 1312 1060 qui
1331 1006 1523 1048 fuerunt
1544 1006 1699 1048 Italici
1724 1006 1867 1061 regni,

317 1065 596 1106 Adalbertus
610 1068 633 1094 g
680 1064 897 1106 videlicet
910 1065 926 1089 2
969 1063 1201 1118 fraterque
1248 1065 1344 1106 eius
1390 1063 1675 1115 Bonisacius‚
1722 1064 1870 1106 Hildi·

317 1123 518 1165 brandus
550 1135 728 1176 quoque
751 1125 798 1164 et
821 1117 1129 1173 Gerhardush‚
1161 1123 1259 1176 regi
1290 1135 1337 1164 se
1369 1125 1728 1177 praesentavere.
1780 1122 1870 1165 Sed

317 1183 690 1236 praesumptuose
722 1194 769 1222 se
800 1181 1096 1222 inbeneficari
1116 1180 1242 1222 ultra
1262 1181 1447 1222 modum
1467 1181 1692 1222 iactantes
1713 1194 1870 1224 omnes
1949 1217 1951 1220 Α

318 1240 440 1294 capti
461 1242 569 1281 sunt
600 1242 647 1281 et
677 1240 727 1280 in
746 1253 908 1281 manus
934 1235 1211 1294 *principum
1231 1239 1405 1280 dimissi
1426 1240 1484 1281 ad
1507 1239 1868 1281 custodiendum.
1883 1255 1928 1286 ψ.

319 1298 409 1340 Sed
447 1312 541 1340 non
581 1298 660 1339 diu
698 1311 778 1339 rex
816 1299 904 1339 hoc
943 1298 1183 1348 sustinuit;
1224 1311 1332 1339 nam
1370 1298 1680 1340 misericordia
1718 1300 1870 1340 motus
1952 1303 1955 1310 ”

317 1357 523 1412 permisit
569 1357 633 1399 eis
680 1356 1031 1406 absolutionem,
1078 1357 1335 1398 iuramento
1376 1356 1418 1398 ei
1457 1356 1729 1399 fidelitatem
1773 1370 1870 1412 pro·

318 1416 501 1457 mittere
541 1416 604 1457 eis
643 1415 879 1470 disposuit.
943 1414 1148 1466 Quorum
1179 1415 1283 1465 duo,
1315 1414 1627 1457 Adalbertusg
1660 1417 1707 1457 et
1737 1414 1870 1457 Boni-

316 1473 476 1524 sacius,
510 1474 648 1516 fidem
677 1474 952 1515 mentientes
982 1474 1096 1527 fuga
1127 1487 1155 1514 a
1183 1486 1290 1527 rege
1323 1473 1605 1515 defecerunt.

456 1533 555 1574 Rex
575 1534 761 1587 propter
780 1532 970 1573 nimiam
989 1532 1328 1586 longitudinem
1348 1532 1525 1574 itineris
1546 1531 1870 1586 languescente

318 1591 520 1632 exercitu
539 1604 682 1645 usque
703 1590 988 1632 Placentiam
1007 1591 1193 1632 veniens
1225 1603 1428 1632 reversus
1451 1593 1520 1632 est
1541 1591 1710 1645 pascha
1730 1603 1870 1645 prope

318 1649 507 1691 castello
539 1649 765 1703 Eboregia
777 1649 806 1689 3.
869 1648 1003 1700 Quod
1031 1651 1144 1690 tunc
1176 1651 1223 1691 et
1253 1649 1530 1690 firmissimas
1562 1644 1762 1690 clausasi
1796 1649 1871 1690 ob-

318 1710 489 1749 seratas
542 1709 736 1762 desuper
790 1708 939 1763 posito
990 1708 1171 1762 lapideo
1225 1707 1413 1749 castello
1466 1720 1615 1749 comes
1660 1707 1871 1749 Widonis

316 1767 500 1808 nomine
531 1766 739 1820 Ansger4
770 1779 873 1808 cum
903 1766 1182 1808 satellitibus
1212 1766 1398 1808 Rodulfi
1427 1766 1546 1820 regis
1579 1766 1635 1807 de
1666 1765 1871 1820 Burgun-

319 1825 394 1866 dia
434 1826 494 1866 ad
533 1825 619 1866 hoc
658 1825 948 1875 transmissis,
989 1838 1048 1866 ne
1078 1825 1154 1866 via
1189 1824 1254 1866 ibi
1283 1824 1497 1866 redeunti
1536 1824 1633 1878 regi
1671 1825 1869 1874 daretur,

317 1883 551 1925 obsessum
591 1883 881 1926 defendebat.
950 1883 1049 1925 Rex
1086 1896 1283 1937 namque
1323 1896 1404 1938 per
1442 1885 1713 1938 occupatam
1750 1883 1872 1924 viam

318 1942 414 1984 sine
454 1942 657 1997 periculo
701 1956 887 1984 suorum
924 1956 1019 1983 non
1057 1955 1188 1997 posse
1228 1942 1479 1996 expugnari
1525 1941 1743 1991 sentiens,
1791 1954 1872 1996 per
1984 1992 1986 1999 χ

316 2001 512 2042 viatores
545 2014 649 2042 cum
671 2002 784 2043 duro
809 2000 965 2043 labore
987 2001 1211 2043 exercitus
1233 2000 1372 2055 Alpes
1394 2001 1654 2050 ascendens,
1686 2002 1872 2054 propter
1909 2007 1912 2008 ’

317 2060 684 2113 magnitudinem
716 2060 939 2101 exercitus
970 2073 1051 2114 per
1081 2054 1356 2114 praeruptak
1391 2059 1487 2100 saxi
1519 2059 1725 2108 devians;
1768 2072 1871 2100 cum

317 2132 484 2172 magno
515 2118 718 2172 periculo
750 2132 934 2159 suorum
965 2118 1131 2159 mirum
1170 2118 1219 2158 in
1249 2118 1436 2159 modum
1468 2112 1594 2158 cuml
1635 2117 1761 2171 equis
1791 2130 1872 2172 per

318 2176 636 2231 praecipitium
681 2177 807 2231 rupis
854 2177 983 2233 quasi
1029 2190 1109 2231 per
1154 2190 1336 2217 murum
1376 2190 1404 2217 a
1442 2189 1617 2217 summo
1661 2176 1872 2217 deorsum

317 2235 627 2276 transilientes
659 2235 827 2290 passim
857 2248 938 2290 per
968 2235 1177 2290 scopulos
1186 2238 1230 2284 ¹¹¹,
1272 2235 1391 2276 datis
1422 2234 1696 2287 quibusdam
1725 2233 1871 2287 gradi-

318 2293 403 2334 bus
442 2294 571 2347 quasi
610 2293 737 2335 locus
775 2294 1040 2348 respirandi,
1083 2293 1132 2334 in
1163 2294 1454 2347 Augustamn
1494 2291 1707 2340 vallem?
1728 2292 1871 2333 tercio

319 2353 503 2394 demum
549 2351 621 2393 die
667 2351 868 2407 prolapsi
914 2354 1238 2393 convenerunt.
1307 2351 1406 2393 Rex
1451 2352 1558 2392 ante
1604 2363 1651 2392 se
1698 2350 1871 2392 directo

319 2411 522 2452 exercitu
551 2410 805 2452 Rodulfum
841 2423 996 2464 regem
1031 2410 1191 2464 fugere
1224 2409 1465 2464 compulit;
1507 2410 1603 2463 ipse
1635 2422 1715 2463 per
1745 2421 1870 2464 supe-

317 2470 482 2511 riorem
528 2469 844 2523 Burgundiam
894 2470 944 2510 in
989 2468 1265 2510 Alamannia
1317 2470 1492 2510 curtem
1539 2467 1867 2517 Ohirihheim0,

317 2528 477 2582 regina
507 2528 593 2569 sibi
624 2530 903 2578 occurrente,
935 2541 982 2570 se
1012 2528 1198 2582 recepit.

318 2655 348 2684 a)
367 2652 515 2686 quendam
533 2654 573 2681 30.
662 2654 693 2685 b)
711 2654 782 2686 fuga
799 2654 839 2680 3⁶.
849 2660 871 2681 e.
961 2654 988 2684 c)
1007 2653 1134 2678 maximo
1153 2653 1193 2680 δε.
1292 2650 1323 2683 (1)
1342 2650 1467 2677 hatdoni
1485 2651 1526 2679 δε.
1615 2652 1643 2681 e)
1661 2649 1811 2676 sevandus
1830 2651 1871 2678 80.

319 2690 343 2719 f)
362 2688 566 2715 subdidissent
583 2689 624 2717 sc.
721 2689 752 2722 g)
775 2688 947 2714 adelbertus
965 2689 1005 2715 Se.
1108 2688 1139 2721 h)
1163 2686 1312 2720 gebardus
1331 2688 1371 2714 3e.
1472 2687 1494 2718 i)
1519 2687 1620 2712 clausa
1638 2687 1685 2717 3⁶3
1715 2686 1812 2711 clusas
1830 2686 1871 2714 30.

319 2724 350 2755 k)
369 2727 542 2756 prerumpta
560 2725 600 2751 3e.
671 2724 692 2755 1)
711 2725 786 2749 deest
804 2725 844 2752 30.
915 2725 955 2755 tn)
974 2723 1096 2756 scopula
1115 2724 1155 2750 δε.
1226 2725 1258 2754 n)
1277 2725 1432 2754 augustam
1445 2722 1519 2750 342.
1590 2723 1618 2752 ο)
1637 2720 1812 2746 chirichehn
1830 2721 1870 2748 8⁶.

320 2829 354 2872 1)
376 2829 482 2862 Iussu
506 2831 622 2872 reyis‚·
646 2830 833 2863 Dilmmler
856 2829 930 2873 III,
952 2841 990 2873 p.
1016 2830 1097 2864 375.
1193 2828 1229 2871 2)
1252 2827 1417 2861 March-io
1445 2827 1599 2862 maome.
1695 2825 1732 2868 3)
1755 2825 1869 2861 lorea.

317 2876 355 2919 4)
377 2876 430 2909 De
453 2887 520 2919 quo
544 2877 590 2918 cf.
615 2877 801 2910 Dic’mmler
825 2877 898 2920 III,
921 2888 959 2920 p.
977 2878 1058 2918 379,
1084 2886 1121 2911 n.
1146 2877 1180 2911 2.
1275 2875 1312 2918 5)
1338 2874 1407 2907 Val
1428 2874 1590 2915 d’Aosta,
1616 2873 1718 2906 cuius
1742 2873 1870 2906 introi-

318 2927 392 2956 tum
416 2923 597 2966 Eporedia
620 2924 699 2966 reyi
718 2924 973 2967 praecluserat.
1010 2923 1050 2958 P.
