2020 3358
327 334 397 371 110
785 330 1063 368 ANNALIUM
1086 331 1420 369 FULDENSIUM

326 452 420 494 alia
450 451 578 494 Wito
619 464 768 494 comes
798 452 1127 494 Tuscianorum
1140 452 1155 478 ¹
1192 466 1297 496 reus
1332 453 1586 495 maiestatis
1624 456 1878 504 accusatur,

326 511 450 565 quod
478 509 560 552 ille
590 510 811 566 profugus
842 511 999 552 evasit.
1061 510 1152 553 Sed
1181 514 1340 553 tamen
1369 511 1452 553 illa
1480 511 1595 566 fuga
1620 514 1769 553 totam
1789 511 1880 554 Ita-

326 569 463 611 licam
482 571 654 611 terram
672 569 838 611 timore
859 569 1100 618 concussit,
1133 569 1241 622 quia
1264 569 1422 611 statim
1442 583 1582 611 manu
1603 583 1708 612 cum
1727 570 1880 612 valida

326 627 571 682 gentilium
610 628 667 669 de
706 629 844 681 gente
874 626 1239 668 Mauritanorum
1274 627 1433 669 federa
1468 627 1659 670 firmiter
1689 628 1878 683 pepigit.

325 685 628 740 Perangarius
667 698 773 727 vero
814 685 1178 738 consanguineus
1223 685 1509 740 imperatoris
1522 686 1538 711 ²
1579 686 1783 728 mittitur
1821 687 1880 729 ad

325 743 650 800 expoliandum
699 756 892 797 regnum
937 743 1158 793 Witonis;
1215 744 1336 797 quod
1381 743 1462 786 ille
1507 745 1704 798 quadam
1748 747 1880 799 parte

325 802 521 857 peregit,
555 814 611 844 ex
641 802 839 855 quadam
868 801 1135 856 peregisset,
1167 802 1217 842 ni
1247 814 1330 856 per
1367 802 1704 857 corruptionem
1733 802 1880 845 morbi

326 873 378 901 ac
409 859 725 902 infirmitatem
756 860 980 902 exercitus
1011 860 1082 902 sui
1111 862 1375 902 reverteret.
1437 859 1590 902 Etiam
1621 873 1703 915 per
1731 863 1880 903 totam

325 918 514 960 Italiam
534 919 788 960 humanum
808 931 952 972 genus
972 918 1041 960 ita
1060 918 1370 960 invalescente
1391 918 1548 960 morbo
1570 918 1877 974 affligebatur,

323 979 378 1018 ut
404 977 454 1018 in
479 978 655 1019 curtem
682 978 730 1018 et
755 976 878 1019 inter
902 976 1118 1018 militiam
1137 976 1211 1018 vel
1236 977 1387 1031 ipsum
1406 989 1561 1032 regem
1582 977 1667 1019 hec
1698 978 1879 1020 miseria

324 1035 596 1089 perveniret.

465 1093 643 1134 Iterum
681 1093 802 1134 inter
838 1092 1102 1147 Popponem
1139 1095 1186 1134 et
1216 1092 1471 1147 Eginonem
1510 1094 1737 1136 discordia
1775 1107 1879 1136 cum

325 1150 500 1193 crudeli
530 1150 653 1193 bello
684 1153 949 1206 concrepat;
991 1164 1183 1205 quorum
1213 1151 1383 1206 Poppo,
1424 1154 1561 1206 prout
1601 1154 1739 1194 antea
1768 1152 1878 1195 sole-

324 1208 418 1260 bat,
449 1209 640 1251 inferior
670 1209 839 1251 extitit.

465 1263 755 1317 Heim*ricus,
785 1267 932 1310 frater
961 1267 1190 1322 Popponis
1221 1267 1409 1318 scilicet,
1443 1281 1548 1310 cum
1567 1267 1879 1311 Nordmanno-
1892 1283 1938 1317 πρ.

323 1340 426 1367 rum
455 1339 640 1367 manum
663 1326 864 1368 validam
885 1326 1118 1367 Prumiam
1147 1326 1302 1368 venire
1335 1326 1580 1381 cognoscit,
1612 1339 1756 1381 usquc
1787 1340 1876 1378 eos,

323 1387 377 1425 ut
408 1384 580 1435 dicunt,
621 1384 751 1426 nullo
791 1385 1015 1426 evadente
1049 1397 1153 1426 cum
1183 1384 1304 1426 suis³
1340 1385 1400 1426 ad
1429 1385 1776 1427 internitionem
1807 1386 1878 1428 de-

323 1442 457 1494 levit;
491 1445 538 1485 et
568 1442 649 1485 ille
679 1456 786 1485 vero
816 1442 1085 1485 vulneratus
1116 1443 1274 1485 evasit.

1049 1555 1152 1602 884.

463 1629 923 1672 DCOOLXXXIIII.
1003 1630 1201 1672 Reverso
1256 1630 1315 1671 ad
1365 1629 1688 1672 Alamanniam
1737 1625 1872 1684 regeb

187 1702 309 1734 (rehu).
322 1688 534 1730 habitum
573 1691 644 1730 est
682 1688 733 1730 in
770 1688 894 1739 villa,
936 1701 1053 1742 quae
1087 1688 1256 1730 dicitur
1288 1687 1662 1744 Gholonpuruhc·
1675 1688 1704 1738 ³,
1745 1702 1877 1743 gene·

320 1746 417 1789 rale
449 1749 738 1788 conventum.
799 1746 916 1789 Inde
953 1746 1156 1788 edictum
1187 1749 1257 1788 est
1287 1746 1562 1789 Baiowarios
1600 1747 1660 1788 ad
1690 1747 1877 1789 Italiam

321 1807 482 1846 contra
511 1805 746 1847 Witonem
776 1804 1000 1859 belligera
1029 1818 1170 1846 manu
1201 1805 1498 1860 proficiscere.

463 1862 642 1919 Quippe
662 1863 902 1905 Pannonia
922 1876 1138 1918 magnum
1159 1864 1487 1905 detrimentum
1516 1864 1713 1919 patitur;
1747 1864 1876 1905 cuius
1954 1910 1958 1917 ,

318 1922 386 1964 rei
416 1923 540 1964 unde
571 1922 806 1964 exordium
835 1924 1050 1963 narratur
1081 1922 1387 1977 assumpsisse,
1429 1922 1536 1964 stilo
1568 1922 1875 1964 enucleamus.
1950 1920 1954 1926 ’

320 1981 472 2035 Igitur
503 1994 607 2022 cum
638 1981 729 2022 duo
759 1981 940 2030 fratres,
972 1980 1286 2022 Willihalmus
1318 1982 1366 2022 et
1395 1980 1758 2035 Engilscalchus‚
1789 1982 1876 2023 ter·

319 2039 494 2080 minum
533 2039 665 2093 regni
696 2039 1052 2080 Baiowariorum
1090 2039 1140 2080 in
1177 2039 1352 2081 oriente
1390 2052 1418 2080 a
1452 2051 1573 2093 rege,
1613 2039 1662 2080 id
1702 2041 1772 2081 est
1812 2051 1875 2081 se-

319 2098 447 2140 niore
478 2098 763 2148 Hludowico‚
807 2110 1071 2139 concessum
1103 2100 1262 2139 contra
1292 2094 1590 2139 Maravanos‘¹
1625 2099 1876 2139 tenuerunt

319 2156 556 2210 multaque
595 2169 677 2211 pro
708 2156 859 2210 patria
888 2156 1063 2197 tuenda
1094 2155 1399 2197 conflictando
1431 2156 1616 2198 sudasse
1646 2156 1872 2206 feruntur,

221 2228 307 2259 (8⁷1).
318 2215 508 2256 tandem
539 2215 659 2256 diem
689 2214 905 2256 ultimum
936 2214 1073 2255 huius
1104 2215 1220 2256 aeris
1250 2215 1299 2255 in
1327 2215 1484 2256 eadem
1507 2214 1748 2256 voluntate
1778 2214 1875 2255 fini·

318 2285 423 2314 vere
455 2274 773 2327 permanentes
785 2272 815 2322 4,
846 2285 941 2313 non
960 2285 1067 2314 vero
1099 2274 1218 2314 esset
1249 2273 1396 2314 honor
1425 2272 1610 2313 illorum
1641 2272 1747 2314 filiis
1777 2272 1874 2314 red·
1944 2279 1958 2310 ξ’

319 2331 456 2381 ditus,
490 2330 614 2373 Arbo
653 2331 728 2372 ine
776 2331 1043 2372 comitatum
1083 2331 1250 2372 domno
1288 2326 1422 2385 regeb
1460 2331 1738 2372 concedente
1779 2343 1873 2372 suc·
1942 2359 1962 2390 :3

319 2389 467 2431 cessit.
545 2388 678 2441 Quod
728 2389 1066 2444 praedictorum
1116 2389 1316 2430 virorum
1367 2388 1548 2443 pueruli
1599 2388 1873 2443 illorumque

317 2448 560 2503 propinqui
590 2448 639 2489 in
662 2448 940 2490 contrarium
971 2447 1245 2502 accipientes
1276 2447 1350 2489 vel
1371 2446 1629 2489 vertentes⁵
1659 2447 1873 2489 dixerunt
1942 2442 1960 2508 ζ’

318 2506 592 2548 alterutrum
632 2506 741 2557 fieri,
779 2506 854 2549 vel
891 2505 1123 2547 Arbonem
1164 2506 1388 2556 comitem,
1430 2505 1468 2547 si
1507 2518 1600 2547 non
1639 2506 1872 2548 recederet
1939 2524 1947 2546 .·.

317 2633 346 2662 a)
365 2632 439 2656 inter
457 2632 518 2657 suis
537 2634 563 2657 et
581 2630 621 2658 ad
640 2639 727 2657 unum
747 2632 914 2657 vocabulum
934 2638 1048 2656 erasum
1068 2632 1093 2659 3.
1203 2631 1234 2662 b)
1253 2631 1317 2663 regi
1335 2631 1360 2659 3.
1465 2631 1494 2664 c)
1512 2630 1720 2663 cholonpurnu
1737 2631 1770 2663 ὃς
1795 2637 1871 2658 cor-r.
1938 2639 1941 2643 ·

318 2667 476 2694 Du'c'mmlera
548 2666 580 2698 d)
598 2674 774 2693 marauonos
793 2668 818 2695 3.
891 2668 919 2698 e)
939 2667 1013 2692 deest
1032 2667 1058 2694 3,

319 2760 354 2802 1)
376 2760 464 2794 Duae
487 2761 630 2804 Spoleti.
748 2761 785 2805 2)
817 2761 1060 2803 Berenyarius
1091 2760 1251 2794 marchio
1284 2759 1554 2802 Foroiuliensvsss,
1588 2759 1652 2802 qm·
1681 2768 1726 2791 ea·
1757 2762 1871 2792 matre

319 2807 440 2839 Gisela
464 2818 567 2851 nepos
591 2808 774 2842 Iasdowici
796 2808 857 2841 Pii
880 2809 1108 2851 imperatorie
1130 2811 1219 2842 erat.
1315 2807 1351 2849 3)
1374 2806 1550 2846 Kozmar‚·
1584 2805 1770 2838 Dt'tssmmler
1794 2805 1867 2847 III,

313 2864 351 2897 p.
377 2855 458 2888 221.
553 2855 591 2898 4)
615 2855 670 2896 Cf.
695 2866 808 2899 supra
832 2866 867 2890 a.
892 2856 974 2890 871.
1070 2855 1107 2897 5)
1130 2854 1242 2887 Verba
1265 2853 1325 2887 vel
1348 2854 1530 2887 vertentes
1555 2853 1628 2885 voci
1651 2850 1868 2895 accipientes

316 2900 362 2932 ab
391 2905 532 2934 auctore
562 2903 797 2945 superposita,
832 2906 863 2934 et
887 2912 910 2934 a
935 2901 1061 2935 scribis
1085 2902 1221 2935 demum
1246 2901 1360 2934 textui
1382 2900 1487 2932 illata
1512 2909 1582 2932 esse
1606 2898 1778 2940 ridentur,
1815 2900 1867 2932 ita

316 2950 348 2979 et
371 2947 411 2979 in
435 2949 651 2990 sequentibus
675 2948 732 2983 vel
757 2947 927 2993 genitalia
952 2949 1025 2981 roci
1047 2946 1204 2982 verenda
1228 2951 1287 2982 etc.
1325 2947 1365 2981 P.
