2020 3358
511 335 710 373 CONTIN.
735 335 1004 373 RATISBON.
1053 336 1100 373 A.
1126 339 1207 373 882.
1233 339 1314 373 &a
1627 339 1695 374 109

141 460 297 500 autem
333 457 448 499 talia
479 458 631 498 erant:
672 456 722 496 in
753 469 864 498 auro
895 458 942 498 et
973 459 1164 510 argento
1197 457 1287 498 duo
1318 456 1443 498 mille
1475 457 1615 499 libras
1647 461 1694 499 et

141 517 317 558 LXXX
346 515 420 558 vel
451 514 589 570 paulo
621 514 745 569 plus;
780 528 919 568 quam
949 514 1115 556 libram
1145 515 1236 555 XX
1266 514 1434 556 solidos
1466 518 1694 569 computa-

141 589 242 617 mus
273 573 515 629 expletam.
577 573 654 614 Ita
690 573 951 628 compositis
988 572 1124 615 rebus
1154 573 1416 627 regrediens
1448 573 1588 615 etiam
1617 586 1696 615 rex

141 633 191 674 in
217 632 486 675 Confluente
517 631 707 673 castello
738 633 904 673 cuncto
935 631 1154 674 exercitui
1186 631 1430 674 amabilem
1461 631 1697 673 licentiam

140 691 391 734 redeundi⁸
428 690 664 732 concessit.

284 749 428 791 Civile
467 748 642 791 bellum
681 748 802 790 inter
834 747 1088 790 Saxonibus
1121 751 1168 790 et
1198 748 1444 802 Thuringis
1481 748 1693 799 exoritur,

140 807 511 850 machinantibus
542 807 758 862 Poppone
796 806 941 848 fratre
973 806 1195 848 Heimrici
1227 809 1274 848 et
1304 806 1511 861 Eginone
1524 802 1561 829 ¹³·
1574 806 1588 831 ¹
1629 820 1695 848 co-

141 867 352 916 mitibus;
394 879 562 920 magna
600 867 704 920 post
745 865 874 907 clade
905 865 1062 920 Poppo
1095 878 1199 907 cum
1229 865 1476 919 Thuringis
1507 865 1696 908 inferior

142 925 310 967 extitit.

283 983 341 1024 In
371 982 464 1024 illis
496 982 657 1024 diebus
686 982 987 1024 redeuntibus
1019 982 1281 1024 Baiowariis
1314 982 1499 1024 domum
1529 995 1697 1036 magna

142 1045 189 1084 et
228 1042 424 1083 inmanis
465 1041 731 1096 pestilentia
769 1041 818 1082 in
856 1043 958 1082 tota
990 1041 1243 1082 Baiowaria
1282 1041 1494 1090 excrevit,
1535 1041 1603 1082 ita
1641 1043 1695 1082 ut

142 1113 247 1155 sepe
287 1101 378 1142 duo
419 1100 640 1142 cadavera
684 1100 734 1140 in
770 1113 916 1140 unum
953 1099 1187 1141 tumulum
1225 1099 1539 1153 sepelirentur.
1599 1099 1697 1140 Rex

143 1161 299 1201 autem
346 1158 610 1200 morabatur
654 1158 703 1199 in
744 1157 991 1200 Germania
1029 1160 1076 1200 et
1116 1159 1224 1199 ante
1267 1157 1470 1199 natalem
1509 1157 1818 1206 Dominifflom.

142 1217 366 1272 placitum
404 1217 569 1258 habuit
609 1217 668 1258 ad
705 1216 1032 1266 Wormaciam;
1080 1215 1146 1258 ibi
1184 1215 1481 1257 multiformis
1520 1216 1696 1258 nuntiis

142 1275 430 1317 Maravorum
474 1275 757 1329 aliarumque
803 1275 1008 1329 gentium
1049 1275 1246 1329 receptis
1286 1276 1333 1316 et
1372 1274 1542 1316 auditis
1583 1287 1696 1315 com-

143 1334 393 1389 positisque
422 1333 558 1376 rebus
589 1334 809 1375 remeavit
839 1333 1176 1374 Alamanniam.
1237 1332 1496 1374 Heimricus
1529 1333 1696 1387 quippe

143 1393 306 1434 missus
327 1394 397 1434 est
417 1392 598 1434 obviam
618 1391 662 1432 N
665 1392 984 1442 ordmannos03
1017 1391 1083 1433 ibi
1114 1403 1338 1446 prospere,
1372 1393 1509 1446 prout
1530 1391 1695 1446 potuit,

144 1451 375 1505 dispositis
405 1450 553 1500 rebus,
585 1463 790 1492 reversus
822 1452 904 1492 est.

840 1551 855 1566 ⁸
866 1550 970 1597 883.

285 1624 716 1667 DCCCLXXXIII.
780 1625 917 1667 Cesar
946 1625 996 1666 in
1026 1624 1304 1666 Alamannia
1337 1624 1494 1666 natale
1527 1623 1698 1666 Christi

145 1684 405 1726 celebravit.
467 1680 613 1726 Inde‘l
647 1683 873 1738 paulatim
902 1684 992 1725 iter
1021 1697 1155 1725 suum
1185 1684 1244 1725 ad
1266 1683 1565 1725 Baiowariam
1596 1682 1698 1724 diri-

143 1755 254 1797 gens
285 1743 455 1797 pascha,
485 1742 673 1784 Domini
703 1742 952 1784 honorifice
981 1742 1258 1796 Radaspona
1289 1742 1474 1783 civitate
1505 1741 1798 1790 mansitmm.
1807 1757 1850 1784 ει.

142 1801 296 1855 ibique
328 1800 487 1842 habito
520 1803 749 1843 conventu
781 1801 968 1843 diversis
989 1800 1125 1842 rebus
1147 1800 1205 1842 ab
1227 1800 1369 1842 Italia
1389 1799 1559 1841 auditis
1585 1799 1697 1840 illuc

142 1873 348 1902 reversus
380 1862 462 1901 est.
510 1859 687 1913 Igitur2
706 1860 879 1901 Romae
900 1858 1082 1914 praesul
1103 1858 1351 1913 apostolice
1372 1858 1492 1900 sedis
1513 1858 1697 1899 nomine

144 1918 375 1960 Iohannes
412 1918 537 1972 prius
577 1919 634 1960 de
675 1918 928 1972 propinquo
960 1931 1041 1959 suo
1071 1930 1247 1959 veneno
1278 1919 1476 1972 potatus,
1519 1916 1695 1966 deinde,
1711 1932 1922 1965 (882Dec.15).

145 1990 249 2018 cum
280 1977 337 2018 ab
368 1976 451 2018 illo
482 1976 708 2030 simulque
739 1976 841 2018 aliis
872 1989 980 2018 suae
1011 1976 1269 2029 iniquitatis
1292 1975 1577 2017 consortibus
1605 1974 1697 2016 lon-

144 2036 245 2089 gius
285 2035 489 2076 victurus
530 2037 720 2089 putatus
761 2037 851 2085 est,
898 2048 1035 2088 quam
1081 2047 1237 2076 eorum
1282 2034 1538 2076 satisfactio
1579 2035 1698 2075 esset

145 2094 401 2148 cupiditati,
442 2093 574 2147 quiae
611 2096 710 2135 tam
747 2094 1018 2136 thesaurum
1056 2106 1191 2135 suum
1230 2106 1368 2146 quam
1399 2092 1581 2134 culmen
1611 2092 1699 2146 epi-

144 2155 358 2207 scopatus
378 2165 537 2207 rapere
559 2151 854 2201 anhelabant,
887 2151 1114 2202 malleolo,
1149 2152 1259 2193 dum
1279 2163 1422 2205 usque
1444 2151 1493 2192 in
1515 2150 1698 2192 cerebro

146 2210 406 2260 constabat,
449 2206 716 2265 percussusf
757 2210 994 2265 expiravit.
1066 2210 1157 2252 Sed
1197 2212 1244 2252 et
1284 2210 1424 2252 etiam
1461 2209 1559 2264 ipse
1599 2222 1699 2250 con-

145 2272 344 2311 structor
389 2269 508 2311 male
553 2269 769 2311 factionis
810 2271 1112 2324 concrepente
1157 2268 1296 2310 turba
1340 2267 1626 2322 stupefactus
1672 2280 1700 2308 a

145 2328 274 2369 nullo
306 2328 428 2370 lesus
458 2341 543 2370 nec
564 2327 832 2370 vulneratus
853 2330 1061 2369 mortuus
1092 2340 1185 2368 non
1215 2340 1342 2368 mora
1363 2326 1588 2381 apparuit.
1641 2325 1700 2366 In

146 2387 275 2428 cuius
314 2387 412 2429 vice
456 2387 580 2428 omni
625 2386 795 2441 populo
832 2386 1040 2428 Romano
1083 2386 1364 2428 unanimiter
1410 2385 1699 2426 confortante

146 2445 364 2494 Marinus,
398 2445 475 2498 qui
506 2445 555 2486 in
586 2445 634 2486 id
663 2447 844 2500 tempus
865 2445 1073 2487 Romana
1102 2445 1151 2486 in
1181 2444 1295 2486 urbe
1325 2442 1700 2485 archidiaconus³

145 2503 404 2552 tenebatur,
437 2503 639 2545 ordinari
670 2506 958 2558 compactum
989 2506 1072 2545 est.

288 2561 545 2616 Imperator
574 2561 755 2603 obviam
790 2575 905 2617 pape
919 2565 941 2591 Β
976 2561 1126 2616 pergit
1157 2564 1204 2603 et
1234 2560 1367 2602 illum
1398 2560 1498 2602 loco
1529 2572 1699 2600 nuncu-

147 2622 286 2675 pante
307 2619 577 2661 Nonantula
608 2622 744 2674 prout
764 2620 926 2662 merito
949 2619 1196 2662 honorifice
1218 2619 1430 2674 suscepit.
1484 2617 1559 2660 Ibi
1579 2618 1699 2660 inter
1711 2632 1813 2666 uum).

146 2735 176 2764 a)
195 2732 333 2759 redeunti
352 2734 377 2761 3.
485 2733 515 2764 b)
539 2733 626 2765 egino
645 2733 670 2760 3.
778 2733 806 2766 c)
829 2731 1022 2759 nordmannis
1047 2740 1122 2762 corr.
1143 2731 1342 2759 nordmannos
1361 2733 1387 2760 ³.
1494 2730 1526 2765 d)
1551 2731 1585 2757 In
1605 2730 1654 2757 die
1674 2732 1699 2758 3.

148 2769 177 2801 e)
194 2767 360 2801 Cupiditati
380 2769 431 2801 qui
450 2769 475 2796 3.
549 2769 573 2799 f)
593 2774 750 2801 percussus
771 2772 817 2794 est
834 2768 860 2796 3.
931 2769 961 2801 g)
980 2768 1058 2801 pap&
1075 2768 1101 2796 3.

150 2862 184 2905 1)
208 2862 336 2896 Comae
356 2864 447 2906 pays?
470 2862 756 2905 Badenachqau,·
789 2862 974 2895 Dammler
997 2862 1070 2904 III,
1092 2873 1130 2906 p.
1156 2862 1237 2897 213.
1349 2861 1385 2904 2)
1408 2861 1504 2894 Haec
1527 2861 1700 2894 m’mirum

147 2919 187 2942 ea
211 2914 304 2952 sunt,
330 2920 419 2953 quae
443 2910 652 2953 imperatori
674 2914 748 2942 tum
773 2908 1045 2944 nuntiabantur.
1117 2909 1153 2950 3)
1171 2908 1384 2952 Episcopum
1402 2908 1602 2942 Cam-mm
1620 2918 1698 2941 eum

147 2956 258 2996 Γιιῐεεε
290 2957 359 2989 cclii
390 2957 558 2998 tradunt,·
590 2957 636 2998 cf.
668 2967 781 3000 supra
807 2956 906 2991 Part.
932 2955 1005 2992 III.
1029 2966 1064 2991 α.
1089 2956 1170 2991 882.
1195 2959 1227 2989 et
1251 2954 1437 2989 Dt‘lmmler
1461 2954 1535 2998 III,
1559 2966 1596 2998 p.
1618 2955 1696 2990 124.
