2020 3358
26 2082 70 2115 *μ
81 2084 141 2110 350.

449 281 701 328 (AUCTORE
726 281 1098 328 MEGINHARDO).
1147 285 1194 319 A.
1220 288 1419 323 865—867.
1670 290 1715 326 65

156 406 335 460 garium
367 404 556 446 comites
588 417 615 445 a
646 406 777 458 patre
799 417 880 445 suo
903 404 1132 458 depositos
1155 405 1247 445 suis
1269 406 1493 448 adhibens
1516 407 1714 450 consiliis

155 464 396 519 pristinam
427 463 490 505 eis
523 462 798 516 dignitatem
819 475 867 504 se
888 462 1211 503 restituturum
1233 476 1330 504 esse
1351 465 1572 518 promisit.
1626 466 1715 508 Sed

156 525 204 565 et
234 521 547 564 Heimricum²
583 521 833 576 principem
875 516 1096 562 militiaeb
1134 533 1243 562 suae
1258 521 1274 545 1
1311 522 1370 562 ad
1399 522 1613 564 Rastizen
1644 525 1715 566 de-

155 581 357 629 stinavit,
390 579 556 621 obnixe
588 579 839 634 postulans,
872 581 927 620 ut
958 579 1162 621 eiusdem
1184 580 1535 634 conspirationis
1560 581 1717 623 fautor

153 639 253 680 fore
292 652 387 680 non
423 640 670 680 recusaret.
733 636 835 689 Quo
875 640 1108 692 comperto
1147 650 1226 680 rex
1266 637 1618 680 Carlmannume
1658 641 1717 681 ad

152 697 400 739 tuitionem
421 693 687 738 Baioariaed
721 692 1096 750 [dehelinquense
1125 697 1332 738 concitus
1352 697 1480 739 venit
1511 698 1559 738 in
1581 697 1717 739 Fran-

154 751 300 798 ciamf
335 758 382 798 et
414 769 441 797 a
472 756 565 798 suis
604 755 808 809 undique
846 754 1184 797 confluentibus
1225 756 1347 810 apud
1378 756 1837 805 Franconofurt(Ang.).

154 815 403 856 honorifice
443 817 682 869 susceptus
722 816 792 856 est
829 816 876 856 et
908 814 1293 868 conspirationem
1335 817 1540 856 exortam
1579 815 1717 857 facile

152 874 367 915 restinxit
379 877 402 903 8
409 891 416 898 ·
431 874 459 913 2.
505 873 656 915 Tanta
677 872 848 914 etenim
879 871 1131 914 multitudo
1158 872 1366 915 fidelium
1397 887 1582 915 suorum
1614 887 1718 915 cum

154 945 208 974 eo
238 935 352 973 tunc
384 933 555 982 aderat,
587 934 643 972 ut
673 945 778 986 pars
811 932 1012 981 adversa,
1045 931 1136 972 nisi
1165 931 1304 973 timor
1335 931 1419 972 filii
1454 927 1607 986 [eius]¹¹
1643 933 1717 974 ad-

152 986 363 1041 fuisset¹,
403 991 539 1045 ligari
569 990 729 1045 procul
762 985 938 1032 dubiok
973 990 1212 1045 potuisset.
1275 990 1463 1033 Interea
1495 989 1717 1033 Guntbol—

155 1045 263 1091 dus¹
304 1050 492 1104 quidam
524 1050 580 1092 de
613 1048 935 1091 satellitibusm
958 1048 1251 1090 C‘arlmannin
1288 1052 1450 1091 contra
1481 1050 1717 1091 dominum

154 1122 288 1150 suum
335 1109 551 1150 dimicare
596 1108 755 1150 volens
802 1108 966 1150 amisso
1014 1108 1217 1150 exercitu
1262 1108 1337 1150 vix
1380 1109 1510 1150 vivus
1557 1109 1714 1150 evasit.

154 1167 454 1209 Hludowicus
482 1180 589 1210 vero
620 1167 853 1209 mediante
875 1166 1118 1208 Liutberto
1151 1167 1491 1222 archiepiscopo
1524 1167 1716 1221 aliisque

155 1227 279 1282 pacis
311 1226 591 1268 amatoribus
621 1238 776 1268 mense
807 1225 1084 1268 Novembrio
1116 1226 1239 1280 apud
1262 1225 1564 1268 Wormatiam
1595 1226 1716 1281 patri
1729 1242 1805 1270 Nov.

155 1299 237 1327 suo
267 1285 605 1327 reconciliatur.

296 1343 365 1385 Ea-
394 1345 669 1398 tempestate
697 1343 821 1398 apud
840 1343 1188 1397 Mogontiacum
1219 1343 1406 1397 quidam
1438 1344 1494 1385 de
1525 1343 1715 1385 homini-

154 1402 240 1444 bus
272 1402 502 1444 Liutberti
534 1402 863 1457 archiepiscopi
894 1404 996 1443 orta
1027 1402 1279 1444 seditione⁰
1316 1401 1553 1444 interfecti
1584 1404 1713 1452 sunt;

154 1474 348 1515 quorum
387 1475 507 1502 mors
547 1461 747 1515 graviter
778 1460 827 1501 in
859 1462 1068 1502 auctores
1099 1460 1337 1502 seditionis
1367 1460 1602 1502 vindicata
1632 1463 1715 1502 est.

155 1518 353 1571 Quidam
393 1520 514 1561 enim
555 1520 603 1560 in
644 1519 770 1573 ligno
812 1519 1038 1574 suspensi,
1080 1518 1160 1560 alii
1199 1532 1421 1560 manuum
1461 1522 1508 1561 et
1547 1520 1717 1574 pedum

155 1578 495 1620 summitatibus
527 1578 777 1633 amputatis
809 1578 975 1619 etiaml'
1002 1578 1176 1620 lumine
1198 1578 1435 1619 oculorum
1456 1579 1714 1633 privantur;

154 1636 366 1679 nonnulli
387 1638 541 1679 omnia
571 1650 654 1678 sua
683 1636 996 1690 relinquentes
1028 1639 1075 1678 et
1105 1639 1301 1679 mortem
1322 1637 1514 1679 evadere
1537 1638 1716 1692 cupien—

152 1699 223 1738 tes
255 1695 409 1738 exules
441 1695 594 1738 effecti
626 1698 747 1738 sunt.

296 1755 487 1809 Legatiq
524 1755 779 1809 Vulgarum
809 1754 1131 1796 Radesbonam
1145 1754 1161 1779 3
1201 1755 1260 1796 ad
1290 1767 1445 1809 regem
1475 1757 1714 1805 venerunt,

154 1813 359 1855 dicentes
397 1827 552 1868 regem
591 1813 777 1855 illorum
818 1827 923 1855 cum
962 1813 1133 1868 populo
1164 1827 1258 1854 non
1288 1814 1467 1855 modico
1501 1814 1559 1855 ad
1592 1813 1716 1855 Chri-

155 1875 277 1914 stum
318 1885 413 1914 esse
455 1885 722 1914 conversum
769 1872 995 1926 simulque
1041 1874 1270 1926 petentes,
1317 1875 1372 1913 ut
1410 1885 1490 1914 rex
1529 1873 1716 1914 idoneos

155 1931 491 1985 praedicatores
543 1931 819 1972 christianae
869 1931 1105 1985 religionis
1157 1931 1215 1973 ad
1262 1944 1336 1973 eos
1387 1931 1572 1973 mittere
1622 1945 1716 1972 non

156 1989 374 2031 differret.

861 2054 998 2114 ⁸867(

298 2141 653 2184 DCCCLXVII.
715 2142 840 2184 Rexr
877 2141 1176 2184 Hludowicus
1199 2142 1456 2198 Vulgarum
1487 2144 1717 2199 petitioni-

154 2200 264 2243 bus⁸
304 2214 509 2243 annuens
549 2199 922 2243 Ermenrichumt
963 2201 1255 2256 episcopum4
1295 2215 1399 2243 cum
1439 2203 1715 2258 presbyteris

155 2273 206 2301 ac
239 2260 505 2302 diaconibus
537 2261 595 2301 ad
626 2260 970 2315 propagandam
990 2260 1128 2302 fidem
1150 2260 1425 2302 catholicam
1446 2262 1711 2316 praefataeu

155 2319 282 2371 genti
323 2319 584 2360 destinavit.
647 2318 738 2360 Sed
778 2332 882 2359 cum
922 2318 1034 2360 illuc
1075 2319 1401 2374 pervenissent,
1447 2321 1647 2376 episcopi
1689 2335 1716 2362 a

156 2377 370 2430 pontifice
405 2377 612 2419 Romano
650 2377 806 2419 missi⁵
843 2379 991 2419 totam
1030 2377 1161 2419 illam
1198 2380 1369 2420 terram
1409 2380 1714 2434 praedicando

157 2489 187 2520 a)
206 2489 371 2514 heinricum
392 2491 416 2517 1.
488 2491 519 2521 b)
537 2491 667 2516 miliciae
688 2492 713 2519 2.
777 2493 804 2522 e)
824 2491 1012 2517 calmannum
1031 2492 1065 2525 23
1086 2491 1190 2519 karlm.
1209 2493 1234 2520 3.
1302 2491 1333 2522 (l)
1352 2492 1467 2529 baiarig
1487 2494 1518 2526 13
1539 2493 1671 2519 haiom-ie
1689 2495 1715 2521 3.

157 2528 184 2554 c)
204 2524 375 2556 relinquens
396 2527 420 2552 1.
483 2526 508 2556 s)
527 2526 668 2551 frantiam
686 2527 711 2554 2.
772 2526 805 2559 3)
824 2527 980 2552 restrinxit
1000 2527 1024 2554 2.
1089 2528 1120 2557 h)
1139 2528 1213 2552 deest
1235 2529 1259 2555 1.
1323 2527 1344 2560 i)
1363 2528 1499 2554 affuisset
1517 2528 1543 2556 2.
1597 2528 1629 2560 k)
1648 2536 1715 2560 pro-

157 2557 247 2584 dnbio
267 2559 291 2586 3.
364 2560 384 2590 l)
404 2558 592 2591 gundholdns
612 2561 637 2588 3.
714 2563 754 2591 m)
773 2561 920 2587 sallitibus
942 2563 966 2589 l.
1044 2562 1075 2594 n)
1094 2562 1199 2589 kun-lm.
1220 2563 1245 2590 3.
1317 2564 1346 2593 ο)
1365 2562 1518 2589 sedicione
1537 2564 1562 2591 2.
1635 2565 1667 2597 p)
1685 2568 1716 2590 et

156 2594 246 2620 etiam
265 2596 290 2621 3.
372 2592 404 2629 q)
424 2595 527 2627 Legati
548 2610 581 2614 —
601 2594 737 2622 differret
755 2596 812 2624 dee.
833 2597 858 2624 2.
939 2599 965 2628 r)
983 2597 1049 2622 Rex
1069 2612 1102 2616 —-
1123 2598 1155 2623 in
1174 2604 1228 2623 sua.
1248 2598 1305 2627 tle-9.
1323 2599 1348 2625 2.
1427 2600 1452 2629 s)
1471 2599 1670 2630 peticionibus
1689 2600 1714 2627 3.

156 2633 179 2660 t)
199 2629 396 2655 ermenricum
416 2631 441 2657 3.
514 2632 544 2662 u)
563 2632 697 2664 praefate
715 2631 741 2659 3.

156 2724 191 2765 1)
216 2724 380 2758 Comitem
405 2724 592 2767 Franciae,
628 2726 691 2768 qm·
722 2736 756 2760 a.
782 2725 863 2761 886.
898 2737 921 2759 a
946 2726 1168 2760 Normannis
1202 2727 1332 2760 occisus
1364 2731 1423 2763 est.
1544 2728 1581 2771 2)
1609 2729 1714 2762 Circa

155 2781 302 2804 mensem
319 2772 543 2813 Auquetmn;
569 2772 755 2805 demler
772 2772 824 2814 II,
847 2784 885 2816 p.
905 2774 973 2809 152
990 2783 1041 2816 sq.
1113 2774 1149 2816 3)
1172 2773 1251 2807 Resc
1271 2774 1347 2807 illic
1364 2775 1538 2809 mensibus
1554 2776 1660 2809 Iunio
1683 2781 1714 2810 et

154 2819 316 2860 Auqusto
349 2823 571 2853 conversatus
600 2823 649 2853 eet
673 2822 754 2852 ante
777 2819 1028 2863 expeditionem
1053 2823 1176 2853 contra
1200 2821 1317 2862 filium
1341 2826 1534 2866 susceptam
1544 2834 1557 2862 ,·
1591 2823 1713 2857 Maka

155 2864 282 2898 bacher
305 2876 362 2898 nr.
382 2866 474 2902 1418
491 2877 540 2909 eq.
591 2866 644 2899 De
666 2867 886 2900 conversione
911 2866 1156 2909 Bulqarorum
1181 2868 1227 2909 cf.
1253 2868 1440 2902 Dic‘mmler
1464 2869 1516 2912 II,
1540 2881 1576 2913 p.
1597 2872 1712 2905 187-—

156 2913 235 2947 192.
315 2913 351 2955 4)
375 2912 624 2947 Pataviensem.
711 2913 746 2956 5)
770 2913 963 2947 Formosus
986 2913 1192 2948 Parmensis
1215 2918 1247 2949 et
1270 2915 1409 2950 Paulus
1432 2916 1712 2961 Populom'ensis.

1405 2987 1427 3022 5
