2020 3358
214 702 297 735 (865).

212 761 297 794 (866).

212 1227 297 1261 (866).

195 1578 261 1606 Oct.
271 1580 297 1606 9.

85 1695 158 1730 (867.
168 1695 232 1723 Oet.
243 1697 297 1727 30).

310 278 355 312 66
677 273 795 311 ANN.
820 273 966 311 FULD.
991 272 1122 309 PARS
1147 273 1218 311 ΠΙ.
1242 272 1496 319 (ΜοαοΝΤ.)

310 398 357 438 et
379 395 652 450 baptizando
672 394 765 436 iam
784 396 897 435 tunc
917 394 1230 449 repleverunt;
1263 397 1540 449 quapropter
1571 394 1648 436 isti
1677 398 1865 450 accepta

310 468 337 496 a
366 467 474 508 rege
504 453 694 495 licentia.
723 453 959 495 redierunt
988 453 1038 493 in
1068 466 1163 494 sua.

450 511 724 553 Hlotharius
738 514 758 534 Β
813 523 893 552 rex
943 511 1284 566 promissionem
1335 524 1482 561 suam,
1543 525 1680 565 quam
1730 525 1866 567 super

309 570 598 625 Theotperga
636 570 796 624 regina
834 569 988 623 legato
1020 568 1252 623 pollicitus
1284 571 1353 611 est
1383 569 1646 624 apostolico,
1687 570 1866 612 irritam

311 630 482 671 ducens
503 631 640 682 atque
660 628 969 669 iuramentum
990 627 1264 681 optimatum
1285 640 1468 668 suorum
1499 627 1629 669 flocci
1660 629 1865 683 pendens

310 688 477 730 iterum
507 681 802 728 Waldrataeb
848 685 906 727 ab
938 685 1080 727 Italia
1116 686 1355 727 revocatae
1393 698 1440 727 se
1480 686 1689 728 clanculo
1729 687 1866 728 socia-

310 747 378 788 vit
392 746 420 786 1.
471 745 607 787 Unde
631 743 849 786 Nicolaus
881 743 1157 798 apostolicus
1189 744 1343 785 divino
1374 743 1470 785 zelo
1503 747 1754 786 commotus
1784 758 1866 800 per

310 805 509 846 diversas
550 803 852 845 christianaec
898 802 1134 856 religionis
1180 798 1361 856 (partes)
1405 799 1734 857 [provincias]‘¹‚
1775 803 1866 845 Ita·

309 863 425 904 liae⁰
462 856 722 912 videlicetf,
757 859 1042 911 Germaniae,
1074 860 1318 902 Neustriae
1350 862 1487 914 atque
1520 859 1711 911 Galliae,
1752 862 1866 916 regi-

310 922 395 963 bus
432 923 479 963 et
509 920 731 975 episcopis
771 919 1019 961 destinavit
1059 919 1287 974 epistolas,
1328 919 1377 960 in
1418 919 1582 973 quibus
1622 933 1723 962 eam
1763 933 1867 962 cum

308 979 532 1021 universis
572 978 869 1033 complicibus
901 980 948 1019 et
979 977 1438 1019 communicatoribus
1452 981 1474 1007 g
1517 978 1866 1033 fautoribusque

310 1038 403 1079 suis
428 1051 456 1079 a
477 1037 703 1079 consortio
735 1038 920 1078 sanctae
952 1031 1225 1078 aecclesiaeh
1260 1049 1402 1090 usque
1434 1037 1493 1078 ad
1523 1033 1855 1091 poenitentiaei

310 1095 666 1137 satisfactionem
691 1095 993 1148 sequestravit
1006 1095 1035 1134 2.
1086 1094 1215 1136 Misit
1242 1097 1478 1149 praeterea
1498 1095 1739 1149 epistolam
1759 1095 1866 1137 filiis

310 1153 571 1195 Hludowici
601 1153 720 1207 regis
753 1154 809 1195 de
841 1153 1014 1194 honore
1044 1155 1287 1207 parentum
1317 1153 1552 1194 servando.

450 1207 768 1254 Ruotbertusk
803 1211 964 1253 Karoli
1003 1211 1124 1265 regis
1156 1224 1304 1252 comes
1318 1211 1335 1235 3
1365 1212 1488 1266 apud
1519 1207 1747 1266 Ligurim¹
1787 1211 1868 1253 fiu-

310 1271 435 1312 vium
466 1273 627 1312 contra
657 1270 976 1311 Nordmannos
1006 1269 1192 1311 fortiter
1223 1270 1444 1311 dimicans
1475 1270 1711 1320 occiditur,
1750 1270 1869 1313 alter

310 1330 642 1383 quodammodo
663 1329 830 1370 nostris
851 1328 1133 1383 temporibus
1154 1328 1454 1378 Machabeus;
1489 1329 1616 1370 cuius
1640 1328 1864 1384 proeliam‚

310 1401 426 1442 quae
459 1401 562 1429 cum
583 1387 900 1429 Brittonibusn
938 1389 984 1428 et
1008 1387 1317 1428 Nordmannis
1348 1387 1501 1440 gessit,
1535 1387 1573 1428 si
1604 1400 1684 1442 per
1713 1388 1867 1429 omnia

310 1447 480 1501 scripta
508 1446 717 1496 fuissent,
750 1445 992 1487 Machabei
1024 1445 1164 1500 gestis
1195 1445 1504 1500 aequiperari⁰
1534 1446 1804 1500 potuissent.

452 1504 616 1547 Terrae
655 1506 806 1546 motus
846 1517 926 1559 per
965 1504 1163 1559 plurima
1202 1503 1304 1545 loca
1341 1504 1492 1545 factus
1534 1506 1603 1546 est
1642 1504 1751 1545 VII.
1793 1504 1864 1546 Id.

312 1563 535 1606 Octobris.
1036 1616 1123 1663 868

451 1679 863 1722 DCCCLXVIII.p
919 1679 1136 1721 Nicolaus
1162 1679 1370 1734 pontifex
1389 1679 1622 1721 Romanus
1645 1680 1867 1735 episcopis

312 1738 583 1781 Germaniae
616 1739 728 1780 duas
761 1738 1008 1780 destinavit
1039 1737 1267 1792 epistolas,
1299 1751 1440 1779 unam
1471 1739 1655 1792 quidem
1686 1739 1743 1780 de
1774 1738 1865 1780 fac-

310 1797 512 1839 tionibus
559 1795 858 1839 Grecorum‘l·
871 1797 900 1847 4,
955 1796 1147 1838 alteram
1191 1809 1298 1838 vero
1349 1797 1406 1838 de
1451 1797 1767 1851 'theotgaudi‘
1819 1799 1866 1838 et

312 1855 584 1898 Guntharii⁵
638 1856 951 1910 episcoporum
997 1855 1279 1910 depositione
1293 1854 1320 1905 5,
1373 1855 1423 1896 in
1468 1869 1557 1909 qua
1601 1855 1743 1897 refert
1790 1868 1866 1897 eos

310 1917 486 1969 septem
527 1914 742 1969 capitalia
782 1914 973 1955 crimina
1013 1914 1300 1963 commisisse,
1342 1916 1389 1955 et
1426 1913 1483 1955 ob
1520 1915 1607 1955 hoc
1646 1914 1866 1968 pristinae

310 2018 339 2046 a)
359 2014 497 2043 hludhar.
515 2016 541 2043 3.
648 2016 680 2049 b)
704 2014 888 2041 uualdradae
908 2016 933 2043 2.
952 2016 977 2042 3.
1085 2017 1112 2046 c)
1138 2016 1301 2041 christiane
1320 2016 1346 2043 3.
1453 2014 1484 2047 d)
1509 2019 1611 2048 partes
1632 2017 1662 2048 13
1693 2023 1776 2048 prov.
1795 2016 1821 2043 2.
1841 2016 1868 2043 3.

311 2052 339 2084 e)
358 2051 440 2077 italie
459 2052 484 2077 3.
583 2051 607 2081 f)
631 2050 762 2076 fidelicet
780 2051 805 2078 3.
903 2051 933 2084 g)
954 2051 1202 2076 commeatoribus
1222 2052 1246 2078 3.
1345 2051 1377 2082 h)
1396 2051 1468 2078 eccl.
1486 2051 1511 2078 3.
1611 2052 1632 2082 i)
1655 2051 1822 2088 penitentie
1842 2053 1867 2078 1.

310 2086 342 2117 k)
362 2087 468 2113 Ruotb.
481 2100 516 2104 —
529 2086 595 2113 VII.
610 2085 653 2113 Id.
667 2086 804 2112 Octobris
823 2087 881 2114 des.
893 2086 926 2118 23
946 2086 1150 2111 Ruothbertus
1169 2087 1194 2114 3.
1253 2086 1274 2116 l)
1292 2086 1410 2118 ligur-im
1430 2094 1505 2113 corr.
1526 2086 1635 2118 ligirim
1655 2088 1686 2118 13
1707 2086 1822 2118 ligerim
1841 2087 1868 2114 3.

310 2123 350 2151 m)
371 2121 484 2153 praelia
498 2123 522 2148 1.
577 2121 608 2154 n)
626 2122 793 2146 britonibus
808 2123 831 2147 1.
886 2121 916 2153 ο)
935 2122 1125 2153 aequiparari
1144 2122 1170 2148 3.
1230 2121 1261 2153 p)
1280 2122 1311 2146 in
1329 2122 1423 2146 codice
1437 2122 1454 2146 2
1474 2128 1608 2146 numerus
1628 2121 1866 2153 DCCCLXVIII,

309 2157 359 2188 qui
373 2157 472 2188 primo
491 2157 615 2187 scriptus
633 2159 706 2187 erat,
727 2157 763 2180 ab
782 2157 845 2187 ipso
863 2157 1004 2187 scriptore
1022 2157 1052 2180 in
1071 2156 1291 2183 DCCCLXVII.
1310 2159 1468 2187 correctas,-
1497 2157 1539 2180 u‘ta
1558 2157 1629 2180 anm·
1646 2159 1788 2188 sequentes
1805 2157 1867 2184 868.

310 2192 371 2218 869.
390 2191 450 2218 870.
470 2194 518 2218 etc.
536 2192 659 2222 signali:
678 2192 846 2216 Lambecius
864 2198 931 2216 vero
951 2194 1001 2215 aut
1019 2192 1223 2216 modernorum
1243 2192 1328 2222 alius,
1348 2192 1470 2222 singulis
1488 2195 1512 2215 et
1532 2193 1597 2216 inde
1617 2192 1653 2215 ab
1673 2200 1700 2219 α.
1713 2192 1773 2218 874.
1793 2192 1868 2216 binis·

311 2226 424 2251 lineolis
443 2227 569 2257 adiectis,
590 2233 723 2251 numeros
741 2227 801 2253 868.
819 2227 880 2253 869,
900 2229 947 2253 etc.
968 2229 992 2250 et
1010 2222 1071 2253 876.
1090 2227 1151 2253 877.
1170 2229 1218 2253 etc.
1240 2227 1386 2251 restituere
1404 2230 1523 2251 conatu-s
1542 2229 1590 2253 est.
1619 2227 1651 2253 P.
1732 2228 1762 2258 q)
1782 2233 1868 2258 gme-

313 2268 414 2287 corum
432 2261 458 2288 2.
531 2263 557 2292 r)
577 2260 744 2293 thietgaudi
763 2262 788 2288 3.
859 2263 885 2291 s)
903 2260 1063 2293 gundharii
1082 2262 1107 2288 3.

313 2331 347 2374 1)
372 2331 467 2372 Quae
490 2332 564 2364 iam
596 2331 660 2364 sub
693 2331 796 2373 finem
829 2342 863 2366 a.
889 2332 970 2366 865.
1004 2332 1054 2364 ad
1077 2331 1293 2364 Lotharium
1325 2341 1464 2364 reversa
1497 2335 1568 2371 est;
1602 2331 1788 2365 Diimml'er
1811 2331 1865 2374 II,

307 2390 346 2422 p.
366 2380 444 2413 138.
539 2378 576 2421 2)
599 2378 926 2411 Eoecommunicatio
942 2378 1073 2411 Romae
1096 2389 1130 2412 a.
1147 2379 1228 2413 866.
1254 2378 1356 2413 Febr.
1374 2379 1407 2413 2.
1433 2378 1530 2419 facta
1554 2380 1676 2411 statim
1697 2379 1736 2411 in
1755 2379 1868 2412 omni-

312 2425 376 2458 bus
408 2426 516 2458 terris
547 2425 777 2468 promulyata
813 2429 884 2465 est,·
924 2425 1075 2458 alteram
1109 2425 1151 2457 de
1183 2425 1301 2457 eadem
1334 2435 1373 2457 re
1405 2425 1593 2468 epistulam.
1627 2425 1741 2458 eodem
1773 2435 1869 2458 anno

312 2472 393 2506 Iun.
413 2473 468 2506 13.
495 2470 773 2514 archiepiscopis
799 2474 836 2505 et
860 2471 1035 2515 episcopis
1060 2482 1126 2515 per
1147 2470 1301 2514 Italiam,
1327 2470 1573 2514 Germaniam,
1598 2470 1805 2505 Neustriam
1831 2474 1869 2505 et

313 2517 447 2552 Gallias
473 2517 675 2551 constitutis
700 2519 797 2551 misit
822 2519 973 2560 (Mansi,
1001 2519 1249 2552 ‘Concile-‘ornm
1273 2519 1439 2551 collecte-'o'
1456 2519 1538 2561 XV,
1566 2519 1629 2553 col.
1647 2519 1865 2560 380—382),

312 2576 418 2607 quam
444 2565 576 2606 Regino
600 2575 634 2600 α.
659 2565 740 2600 866.
766 2575 898 2607 maymz
922 2576 965 2598 ex
986 2570 1090 2608 parte
1114 2567 1250 2609 recepit.
1359 2566 1395 2608 3)
1418 2566 1701 2608 Andeyatmtsis,·
1735 2565 1776 2598 de
1800 2575 1868 2608 quo

312 2612 358 2652 cf.
383 2623 412 2646 v.
431 2612 649 2653 Kalckstein,
678 2612 817 2645 ‘Robert
841 2612 875 2646 d.
898 2612 1083 2655 Tapfere',·
1108 2612 1294 2645 Dilmmler
1319 2613 1349 2654 I,
1374 2625 1410 2656 p.
1430 2614 1510 2648 450.
1555 2612 1693 2646 Occisus
1716 2616 1766 2645 est
1789 2622 1867 2645 cum

312 2659 509 2699 Ramnulfo
542 2659 626 2691 duce
655 2659 872 2701 Aquitaniae
905 2670 928 2691 a
963 2659 1252 2692 Normannorum
1286 2660 1409 2701 turba,
1448 2669 1535 2702 quae
1568 2659 1748 2692 devastata
1783 2659 1868 2691 urbe

315 2705 344 2737 Ie
368 2705 476 2738 Mans
499 2705 547 2737 ad
566 2705 725 2747 Ligerim
749 2706 899 2747 redibat,
927 2704 973 2738 ad
997 2705 1128 2747 locum,
1155 2705 1216 2749 qui
1241 2705 1373 2739 dicitur
1397 2705 1578 2740 Brieserta
1602 2705 1868 2747 (Brissarthe),·

312 2752 358 2792 cf.
384 2751 571 2786 Hincma-r.
596 2753 677 2793 866,
714 2752 838 2794 Reyin.
872 2753 954 2795 867,
990 2753 1176 2786 Dic‘mmler
1210 2753 1260 2795 II,
1292 2765 1329 2796 p.
1350 2754 1428 2788 150.
1546 2753 1583 2794 4)
1606 2753 1687 2787 867.
1714 2752 1783 2786 Oct.
1809 2754 1868 2787 30.

313 2798 434 2830 datam
469 2800 517 2840 (v.
550 2798 911 2842 Pfluqlc-Harttzmy,
946 2804 1026 2832 acta
1059 2801 1150 2835 ined.
1184 2800 1242 2842 11,
1276 2812 1312 2843 p.
1338 2801 1406 2839 34,·
1439 2798 1541 2841 Jaffe'
1570 2810 1627 2834 nr.
1653 2800 1787 2840 2883),·
1820 2799 1866 2839 cf.

314 2845 500 2877 Dic'mmler
524 2845 574 2887 II,
599 2857 636 2888 p.
656 2847 737 2880 203.
833 2847 869 2889 ὃ)
892 2847 1026 2879 Datam
1050 2847 1163 2880 eodem
1188 2847 1244 2879 dle
1268 2847 1401 2889 (Floss,
1430 2846 1509 2878 ‘Die
1532 2845 1741 2888 Papstwahl
1763 2849 1869 2878 ποιέοι·

313 2891 380 2924 den
406 2891 573 2933 Ottonen’,
600 2893 688 2935 dipl.
710 2905 747 2935 p.
774 2894 935 2932 37—58,·
960 2893 1061 2935 Jaffe'
1081 2904 1139 2928 nr.
1165 2894 1280 2932 2886,·
1304 2894 1349 2935 cf.
1376 2893 1561 2926 Dz’ae‘nomler
1587 2892 1638 2934 II,
1662 2904 1699 2935 p.
1719 2893 1798 2927 170.

2014 909 2020 928 --
2015 841 2020 866 .-
2016 822 2020 827 .
2008 413 2020 815 -.-A.q.nan—.n-—-.—-..-
2017 387 2020 402 ..
