2020 3358
481 301 719 338 AUCTORE
744 301 1027 338 RUODOLFO.
1076 302 1124 339 A.
1149 305 1348 340 859—862.
1649 307 1695 341 55

139 422 177 455 et
201 420 400 455 secundum
425 419 524 463 quod
547 419 638 453 mihi
661 418 925 454 rationabiliter
949 422 987 453 et
1011 418 1204 454 salubriter
1224 420 1394 464 possibile
1410 420 1530 466 fuerit,
1555 422 1696 456 sincero

139 468 273 502 auxilio
298 467 443 501 adiutor
467 472 557 501 eroa
587 466 633 500 ad
658 476 812 511 regnum
845 465 991 500 illorum
1024 466 1284 501 continendum
1315 470 1353 501 et
1376 478 1444 503 nec
1468 468 1507 502 in
1531 469 1606 503 vita
1630 480 1697 503 nec

138 515 176 548 in
211 514 383 549 membris
417 524 536 557 neque
567 513 606 547 in
636 523 750 558 regno
775 512 920 546 illorum
947 523 1007 547 eos
1032 512 1287 548 forconsiliabo
1299 512 1337 559 b,
1370 514 1408 548 in
1441 514 1522 558 hoc,
1556 518 1597 549 ut
1628 515 1697 560 ipsi

139 573 226 606 erga
249 572 308 596 me
334 560 487 595 similem
512 560 788 604 promissionem
813 559 947 594 faciant
973 563 1010 594 et
1035 560 1271 596 conservent'.

840 664 855 680 '⁴
867 663 967 711 861.
1713 686 1828 718 *12.374.

281 739 568 782 DCOOLXI.
636 739 963 781 Hludowicus⁰
1009 752 1088 781 rex
1129 742 1405 781 conventum
1446 739 1610 782 habuit
1650 741 1698 781 in

137 795 495 853 Reganesburgd
538 798 684 840 tercia
724 798 981 853 septimana
1020 800 1124 852 post
1164 800 1374 840 sanctum
1414 799 1603 854 pascha,
1650 800 1843 848 in(Ap1-.6).

139 872 228 913 quo
268 857 564 907 Emustume‚
614 859 886 898 summatem
932 857 1055 898 inter
1098 870 1254 898 omnes
1294 857 1538 912 optimates
1580 871 1697 908 suos,
1714 875 1785 906 Apr.

139 917 268 971 quasi
308 915 598 958 infidelitatis
636 928 767 957 reum
807 914 1003 970 publicis
1035 915 1233 970 privavit
1264 916 1527 958 honoribus.
1590 916 1698 958 Uto-

137 989 243 1018 nem
283 988 463 1029 quoque
504 977 551 1016 et
582 969 941 1029 Berenga-riumf
975 973 1167 1016 fratrem
1202 974 1298 1016 eius
1331 977 1469 1029 atque
1502 974 1699 1029 Sigihar-

137 1037 238 1076 tum
252 1038 287 1064 g·
301 1030 321 1051 *
363 1034 550 1075 comites
583 1027 982 1087 Waldonemqueh
1029 1032 1244 1075 abbatem
1258 1033 1273 1058 1
1313 1046 1417 1074 cum
1459 1033 1560 1075 aliis
1591 1048 1698 1075 non-

138 1093 279 1134 nullis
318 1093 447 1147 quasi
485 1092 714 1148 conplices
745 1091 1034 1133 infidelitatis
1067 1092 1164 1134 eius
1197 1092 1408 1134 similiter
1440 1095 1699 1134 exauctora-

138 1152 228 1200 vit;
271 1165 295 1193 e
333 1151 497 1205 quibus
528 1151 622 1193 Uto
663 1153 711 1192 et
749 1146 1082 1205 Berengariusf
1127 1164 1231 1192 cum
1263 1147 1514 1193 Waldonei
1554 1151 1698 1193 fratre

141 1225 222 1252 suo
262 1211 311 1251 in
353 1209 527 1252 Gallias
569 1210 628 1251 ad
667 1205 899 1251 Karlumk
940 1222 1095 1263 regem
1135 1211 1432 1260 secesserunt,
1475 1206 1690 1252 caeteris¹

139 1269 263 1311 infra
294 1269 491 1324 patriam
521 1269 570 1310 in
601 1269 881 1324 proprietate
914 1282 996 1310 sua
1025 1267 1383 1310 remanentibus.

283 1327 638 1369 Karlmannusm
684 1340 863 1381 quoque
915 1326 1115 1368 filiorum
1165 1327 1285 1381 regis
1331 1327 1554 1368 maximus
1568 1327 1584 1351 2
1627 1341 1699 1369 res

139 1400 280 1428 novas
320 1386 508 1427 molitus
549 1388 639 1436 est;
689 1385 864 1440 expulit
911 1385 1034 1427 enim
1080 1386 1236 1435 duces,
1285 1384 1451 1439 quibus
1492 1386 1701 1427 custodia

141 1445 379 1486 commissa
412 1447 510 1486 erat
540 1444 795 1485 Pannonici
826 1443 986 1485 limitis
1018 1445 1065 1485 et
1098 1443 1400 1494 Carantanin,
1442 1446 1580 1498 atque
1621 1458 1701 1499 per

141 1517 245 1545 suos
284 1516 487 1544 marcam
527 1503 770 1544 ordinavit.
834 1501 968 1554 Quod
1006 1503 1127 1556 regis
1167 1503 1371 1544 animum
1400 1502 1701 1545 rebellionem

140 1561 414 1617 suspicantis
446 1575 539 1603 non
570 1575 732 1616 parum
764 1561 1022 1603 commovit.

870 1662 969 1709 862.

283 1737 597 1780 DCCCLXII.
660 1737 1000 1779 Karlmannus⁰
1046 1751 1127 1792 per
1164 1740 1450 1780 sacramenta
1489 1738 1612 1793 pacis
1654 1741 1700 1780 et

141 1797 400 1839 securitatis
441 1800 578 1838 suael'
613 1796 1025 1851 Reganesburgum
1055 1796 1183 1838 venit
1224 1799 1271 1838 et
1300 1797 1484 1839 reddita
1522 1797 1701 1838 ratione

142 1856 339 1897 convicit
372 1856 652 1897 adversarios
692 1855 903 1910 patrique
944 1868 1024 1897 suo
1063 1855 1400 1905 reconciliatur,
1442 1856 1701 1897 iuramento

142 1914 378 1963 firmansq,
437 1928 496 1956 ne
550 1916 711 1955 contra
766 1914 862 1955 eius
915 1914 1085 1955 iustam
1133 1916 1410 1969 potestatem
1459 1914 1702 1968 quicquam

142 1973 356 2027 deinceps
383 1975 537 2014 mente
558 1973 815 2014 malitiosalr
842 1972 1222 2014 machinareturss.
1274 1972 1335 2014 Et
1356 1973 1695 2014 Karlmannus⁰

142 2032 326 2085 quidem
367 2032 426 2073 ad
464 2045 546 2072 sua
577 2045 681 2072 cum
712 2044 823 2086 pace
853 2031 1121 2081 revertitur;
1162 2044 1243 2073 rex
1279 2045 1385 2074 vero
1415 2031 1702 2086 Mogontiam

142 2090 375 2145 profectus
407 2093 722 2132 occurrentem
753 2089 839 2132 sibi
876 2090 935 2131 ad
967 2090 1285 2145 conloquium⁸
1322 2093 1538 2146 nepotem
1569 2104 1703 2132 suum

142 2149 344 2204 suscepit
374 2147 703 2190 Hluthariumt
741 2151 942 2203 regemn.

296 2262 332 2307 *)
355 2262 431 2297 eius
456 2261 531 2308 Sig.
557 2264 666 2307 atque
691 2261 883 2298 Geroltum
907 2264 940 2299 2.

143 2369 173 2398 a)
193 2366 377 2394 adiuuauero
397 2370 421 2396 1.
475 2368 507 2401 b)
526 2369 605 2394 fores
622 2369 785 2395 cousiliabo
804 2369 830 2396 3.
885 2370 912 2399 c)
931 2367 1138 2395 ffludauuicus
1157 2369 1182 2396 3.
1237 2367 1269 2400 d)
1288 2369 1489 2401 reganesburc
1509 2370 1534 2397 1.
1589 2370 1617 2400 e)
1637 2370 1704 2395 her-

145 2407 264 2428 austum
283 2404 308 2430 2.
397 2404 422 2434 f)
441 2404 578 2435 bemgar.
597 2404 622 2432 3.
712 2406 742 2436 g)
761 2402 947 2436 sigihardum
966 2405 990 2432 3.
1082 2404 1114 2438 h)
1132 2404 1353 2437 waltonemque
1372 2405 1398 2432 2.
1489 2405 1511 2435 i)
1529 2405 1660 2430 waltone
1679 2405 1704 2432 2.

145 2438 178 2469 k)
195 2438 330 2463 karolum
350 2439 374 2465 1.
393 2439 417 2466 2.
512 2439 534 2471 l)
552 2439 661 2465 ceteris
680 2439 711 2471 2;
739 2439 862 2466 cettei-is
882 2439 907 2466 3.
1000 2439 1042 2473 m)
1061 2439 1161 2467 ean-lm.
1184 2441 1208 2467 1.
1228 2440 1252 2467 2.
1338 2442 1370 2471 n)
1389 2440 1557 2466 cariantani
1571 2441 1676 2471 priore
1694 2440 1704 2464 i

145 2480 229 2498 eraso
243 2475 272 2504 l;
291 2473 459 2499 cai-inmuni
479 2474 504 2501 2.
576 2476 605 2505 o)
617 2474 725 2502 Carlm.
738 2475 763 2502 2.
836 2476 868 2507 p)
887 2482 941 2501 sue
961 2475 986 2502 3.
1049 2476 1080 2507 q)
1100 2474 1278 2501 confirmans
1297 2475 1323 2503 2.
1336 2476 1361 2502 3.
1425 2477 1451 2507 r)
1469 2475 1623 2501 maliciosa
1635 2475 1660 2502 2.
1673 2476 1704 2506 3;

145 2508 212 2535 ml.
229 2511 328 2534 mente
348 2510 372 2535 1.
385 2510 411 2536 2.
482 2510 508 2540 s)
527 2509 707 2542 colloquium
726 2511 752 2538 1.
763 2510 789 2538 2.
862 2511 885 2541 t)
904 2510 1087 2536 hlotharium
1106 2512 1130 2537 1.
1143 2511 1170 2538 2.
1242 2512 1273 2542 u)
1293 2511 1369 2536 dem
1387 2511 1420 2543 2;
1439 2518 1539 2542 regem
1558 2511 1659 2538 moth.
1680 2512 1704 2538 1.

147 2602 183 2645 1)
205 2602 258 2635 De
281 2602 410 2635 horum
434 2603 637 2645 coquatwrae
660 2603 705 2645 cf.
730 2603 956 2637 Eckhartum
980 2605 1022 2638 de
1044 2605 1149 2638 rebus
1167 2605 1346 2638 Franciae
1370 2604 1557 2638 orientalis
1585 2604 1623 2640 T.
1650 2604 1702 2647 II,

141 2660 179 2692 p.
193 2650 274 2684 481.
301 2649 341 2684 P.
382 2649 456 2683 Udo
471 2653 503 2683 et
516 2649 758 2693 Berenyariue
773 2652 912 2684 comites
928 2651 1118 2695 Waldoque
1129 2651 1239 2685 abbas
1251 2652 1459 2685 monasterii
1469 2651 1705 2685 Schwarzach

144 2696 194 2728 ad
211 2696 373 2729 Rhenum
396 2697 613 2740 superiorem
637 2698 701 2731 siti
723 2697 907 2731 Gebhardi
929 2699 1065 2732 comitis
1088 2698 1170 2741 filii,
1197 2698 1354 2732 Ernusti
1375 2703 1512 2743 nepotes
1535 2699 1705 2741 fuerunt,-

144 2743 190 2784 εἴ.
217 2743 404 2776 Βιῑηιηιῑον
428 2743 480 2786 II,
505 2755 541 2787 p.
559 2745 618 2779 21.
714 2744 751 2787 2)
773 2745 929 2779 Ernusti
950 2756 1079 2787 glorier,-
1103 2746 1149 2787 cf.
1174 2746 1270 2780 Ann.
1287 2745 1491 2781 Hincmari.
1587 2745 1624 2790 3)
1649 2746 1704 2788 Cf.

145 2789 286 2825 Hincm.
319 2791 439 2825 Arm.-
480 2788 742 2825 carlomannus
775 2789 984 2826 Hludowioi
1023 2791 1119 2845 regis
1153 2790 1371 2827 Germaniae
1404 2790 1500 2827 filius
1534 2802 1705 2827 concessa

145 2835 214 2870 sibi
239 2847 260 2870 a
283 2838 387 2880 patre
411 2837 516 2882 regni
540 2837 720 2882 portione,
754 2849 862 2882 quam
896 2838 1039 2882 pridem
1067 2841 1259 2882 invaserat,
1293 2841 1331 2874 et
1354 2838 1440 2874 dato
1465 2842 1704 2883 sacramento,

144 2894 191 2917 ne
225 2883 378 2927 amplius
412 2883 497 2918 inde
531 2884 608 2919 sine
641 2884 754 2929 patris
777 2885 965 2920 voluntate
995 2885 1194 2929 invaderet,
1227 2896 1311 2921 cum
1343 2888 1448 2931 patre
1479 2886 1703 2931 pacificatur.

151 2930 298 2974 Uterque
321 2932 475 2975 scriptor
498 2933 629 2966 notitia
653 2933 810 2976 quadam
834 2933 1049 2967 Ratisbonae
1072 2935 1262 2967 constituta
1286 2935 1342 2968 uti
1364 2934 1515 2971 videtur.
