2020 3358
497 333 616 370 ANN.
640 333 787 370 FULD.
814 332 959 373 CONT.
982 333 1184 371 RATISB.
1232 334 1279 372 A.
1304 337 1386 373 882.
1653 338 1721 373 107

308 454 595 496 Nordmanni
635 454 796 496 audita
826 453 1106 496 Francorum
1147 455 1425 497 dissensione
1457 458 1504 497 et
1534 456 1722 523 impera-

166 512 279 554 toris
319 526 476 555 eorum
515 511 771 554 abiectione
810 511 1009 567 plurima
1048 512 1168 562 loca,
1213 526 1330 567 quae
1370 514 1495 568 prius
1534 514 1721 556 minime

165 571 429 626 tetigerant,
460 572 771 612 vastaverunt.
833 571 908 612 Ad
937 570 1209 613 Remensem
1247 584 1426 625 quoque
1461 572 1621 613 urbem
1652 585 1721 614 ve·

166 629 286 672 nisse
324 628 601 678 referuntur,
642 630 722 671 sed
764 628 889 671 Deus
928 642 1009 684 per
1047 629 1212 672 merita
1251 629 1400 672 sancti
1437 629 1634 683 Remigii
1674 632 1721 671 et

166 678 492 729 monasterium
532 690 661 730 extra
701 687 935 730 civitatem
974 688 1176 742 positum
1215 690 1262 730 et
1301 688 1448 743 ipsam
1488 687 1722 730 civitatem

165 745 336 788 nebula
367 746 636 788 densissima
666 759 747 801 per
784 746 927 787 trium
967 746 1143 788 dierum
1182 746 1359 801 spatiaa
1406 746 1719 795 circumdedit,

165 804 233 846 ita
262 806 316 846 ut
346 807 563 846 neutrum
583 805 788 846 invenire
808 817 893 846 nec
914 804 1079 847 saltem
1099 805 1254 847 videre
1275 805 1545 860 potuissent.
1589 804 1721 846 Unde

164 865 319 905 mente
351 863 632 905 consternati
662 863 923 918 pariterque
955 863 1136 905 confusi
1168 858 1519 906 discesseruntb.

519 1179 890 1228 ANNALIUM
926 1178 1367 1227 FULDENSIUM

461 1305 887 1349 CONTINUATIO
923 1305 1429 1349 RATISBONENSIS.

811 1396 858 1432 A.
883 1397 1084 1433 882—897.

35 1621 151 1655 ⁸2³⁹&
866 1605 991 1651 *882

306 1678 592 1720 Nordmanni
624 1679 805 1734 ereptis,
838 1692 950 1733 quas
982 1681 1208 1734 poterant,
1243 1679 1379 1721 rebus
1410 1680 1620 1722 omnibus
1652 1694 1718 1731 ac,

164 1750 301 1791 quam
332 1738 524 1792 pessime
555 1740 603 1779 et
633 1738 751 1779 visui
783 1737 1046 1780 horribilior
1077 1740 1188 1788 erat,
1222 1737 1495 1792 quibusdam
1525 1738 1637 1781 locis
1673 1741 1720 1780 et

165 1795 366 1838 ecclesiis
407 1796 616 1845 dimissis,
659 1795 933 1850 quibusdam
973 1797 1284 1846 concrematis,
1325 1797 1495 1838 reversi
1531 1799 1640 1838 sunt
1671 1798 1720 1838 in

163 1867 293 1896 suam
327 1855 643 1904 munitionem,
686 1867 802 1908 quae
839 1855 1142 1909 circumsepta
1177 1854 1418 1897 constabat
1449 1868 1577 1897 secus
1609 1855 1719 1897 litus

163 1912 318 1954 Mosae
349 1912 550 1954 fluminis
572 1912 685 1963 loco,
719 1913 797 1967 qui
819 1913 989 1954 dicitur
1009 1913 1222 1963 Ascloha,
1256 1914 1311 1955 de
1333 1912 1491 1955 Hreno
1523 1913 1720 1956 miliaria

303 2025 463 2060 Karolus
495 2025 692 2070 quippe,
727 2036 827 2061 cum
863 2026 1048 2061 audisset
1081 2026 1237 2061 obitum
1271 2026 1393 2062 fratris
1423 2027 1479 2061 sui
1509 2026 1872 2071 maiorisoearsm.

163 2083 209 2119 de
234 2083 372 2119 Italia*
406 2095 490 2128 per
513 2083 753 2118 Baiowariam
777 2084 874 2119 iter
897 2095 1029 2119 suum
1060 2077 1109 2118 in
1140 2077 1380 2119 Franciam
1412 2084 1562 2120 direxit
1573 2085 1595 2129 ¹,
1627 2077 1719 2132 pla·

165 2135 307 2176 citum
338 2134 551 2189 generale
583 2135 642 2176 ad
673 2134 981 2177 Wormaciam
1009 2135 1175 2185 tenuit,
1213 2135 1408 2190 receptis
1445 2135 1719 2191 primoribus
1732 2149 1801 2177 Mal.

164 2206 218 2235 ex
232 2196 249 2217 ⁰
287 2205 428 2247 regno
459 2193 616 2235 fratris
648 2194 718 2235 sui
749 2206 904 2239 mense
934 2193 1176 2235 Maiarum.
1237 2193 1348 2235 Post
1384 2194 1498 2236 haec
1535 2207 1719 2249 praepa-

0 2266 1 2289 1
33 2262 79 2296 ἰ».
89 2264 151 2292 ³9⁴³.
162 2252 276 2293 ratis
317 2252 458 2306 copiis
499 2265 553 2293 ex
592 2252 716 2293 omni
757 2265 839 2294 suo
878 2264 1033 2306 regno,
1072 2252 1400 2307 Longobardis‚
1431 2249 1718 2294 ‘Alamannis

163 2310 440 2364 Francisque
472 2323 625 2352 secum
655 2310 899 2365 assumptis
930 2310 1011 2352 ille
1036 2323 1092 2353 ex
1112 2310 1387 2353 occidentali
1407 2313 1538 2366 parte
1560 2313 1719 2353 contra

162 2367 496 2419 Nordmannos,
537 2368 780 2410 Baiowarii
818 2382 873 2411 ex
903 2369 1117 2411 orientali
1148 2368 1295 2412 Hreni
1335 2369 1535 2411 fluminis
1575 2382 1718 2423 usque

164 2427 223 2468 ad
249 2423 613 2469 Antrinaohamd
642 2427 828 2469 tandem
863 2440 911 2469 se
941 2428 1303 2470 transmiserant.
1366 2427 1440 2470 Ibi
1472 2428 1617 2470 diviso
1649 2440 1717 2469 ex-

163 2485 310 2527 ercitu
341 2485 582 2526 Baiowarii
614 2498 717 2527 cum
752 2486 957 2541 principe
989 2499 1145 2528 eorum
1176 2485 1383 2536 Arnolfo,
1417 2485 1582 2528 Franci
1614 2499 1718 2527 cum

162 2542 396 2585 Heimrico
427 2543 552 2584 missi
583 2557 722 2585 manu
744 2557 848 2585 cum
868 2544 1023 2586 valida
1053 2546 1161 2586 ante
1191 2557 1346 2599 regem
1376 2546 1424 2586 et
1455 2544 1715 2594 exercitum,

161 2603 216 2643 ut
246 2601 375 2655 quasi
407 2602 616 2643 incautos
648 2605 695 2644 et
724 2602 1040 2645 inaestimatos
1072 2603 1327 2657 quandam⁰
1365 2605 1542 2657 partem
1572 2602 1717 2644 inimi-

316 2714 352 2759 *)
375 2715 508 2749 Manus
531 2726 618 2751 saec.
644 2716 734 2751 XII.
762 2716 800 2750 in
823 2716 896 2752 cod.
922 2718 944 2751 3
968 2717 1092 2750 addit.-
1116 2715 1189 2751 iam
1215 2715 1412 2761 imperator
1436 2714 1563 2752 factus.

162 2821 191 2850 a)
210 2819 312 2852 spacia
327 2820 388 2847 cod.
444 2820 474 2850 b)
494 2821 522 2844 u'n
542 2820 596 2844 hac
615 2827 679 2845 voce
697 2821 799 2845 flante-n
818 2820 916 2852 codar,
932 2821 1045 2852 paqn'na
1063 2821 1174 2852 quidem
1195 2821 1336 2852 absoluta,
1355 2820 1404 2846 sod
1423 2821 1532 2845 ultimis
1550 2821 1633 2846 lineis
1645 2820 1715 2852 plue

162 2855 248 2879 solito
261 2856 450 2887 condensans,
464 2856 505 2880 sta
520 2858 548 2879 ue
563 2855 636 2880 ne'lu’l
648 2856 741 2881 dcem
754 2858 905 2887 appareat.
925 2856 955 2883 Ρ.
1010 2856 1038 2889 c)
1058 2855 1082 2882 ἂ
1102 2856 1127 2883 8.
1181 2854 1213 2887 d)
1231 2854 1409 2882 anu-inach&
1420 2856 1446 2884 ³.
1501 2858 1530 2887 e)
1548 2854 1675 2888 quedam
1688 2856 1714 2884 8.

163 2947 199 2990 1)
223 2949 278 2990 Cf.
303 2960 415 2993 supra
435 2953 576 2993 partem
601 2950 753 2984 tertiam.
