2020 3358
90 1029 128 1057 A.
135 1030 223 1057 Laut.
231 1028 292 1056 825.

255 2136 296 2165 ib.

305 302 353 337 24
661 297 780 334 ANN.
805 297 951 335 FULD.
977 296 1110 333 PARS
1133 297 1165 334 Ι.
1187 296 1506 343 (SELIGENST.)

304 426 446 451 marcus
464 414 630 450 Brittou
658 413 834 460 perfidus
859 414 1096 449 terminos
1122 412 1417 450 Francorum
1441 414 1615 449 incendiis
1635 416 1670 448 et
1688 413 1859 458 direptio·

305 463 410 498 m’bus
435 461 604 497 infestare
629 472 703 496 non
728 461 926 504 cessavit,
961 461 1076 496 donec
1102 461 1147 496 ab
1172 461 1377 496 hominibus
1402 461 1592 495 Lantberti
1605 459 1624 486 b
1656 460 1795 494 comitis
1820 461 1859 494 in

304 510 414 544 domo
430 509 578 554 propria
593 508 858 544 circumventus
884 519 903 542 e
914 510 930 542 t
954 519 976 542 o
987 519 1007 542 c
1018 519 1037 542 c
1049 507 1086 542 is
1098 519 1121 542 u
1131 519 1147 542 s
1164 511 1228 544 est.
1269 507 1475 552 Imperator
1491 519 1510 542 c
1521 519 1544 541 u
1555 519 1590 541 m
1609 507 1707 541 filiis
1726 506 1858 542 Goda-

304 555 414 591 fridic
445 566 584 600 pacem,
609 565 717 600 quam
742 554 838 599 ipsi
861 554 1044 599 petebant,
1071 566 1153 589 cum
1178 555 1229 589 eis
1254 555 1290 588 in
1315 553 1464 589 marcad
1486 565 1612 589 eorum
1636 553 1859 589 confirmare

304 603 417 639 iussit.
559 601 605 636 In
641 601 824 637 territorio
859 601 1028 636 Tullense
1064 601 1165 636 iuxta
1199 600 1508 636 Commerciacum
1522 607 1540 628 θ
1580 601 1701 635 villam
1739 601 1859 644 puella

305 648 543 684 duodenis
556 649 568 668 ¹
601 651 683 693 post
716 658 855 682 sacram
889 647 1193 690 communionem,
1227 659 1335 692 quam
1371 648 1408 681 in
1441 647 1574 692 pascha
1608 658 1629 681 a
1663 647 1858 682 sacerdote

305 707 321 731 s
331 708 356 731 u
366 707 382 730 s
393 698 548 740 ceperat,
573 695 690 740 primo
712 706 818 739 pane,
843 694 973 729 deinde
999 694 1076 728 aliis
1101 705 1120 729 c
1131 705 1152 729 o
1163 706 1199 728 m
1210 706 1247 728 m
1258 706 1281 728 ιι
1293 695 1397 729 nibus
1409 694 1423 713 ‘²
1447 694 1535 728 cibis
1560 698 1596 728 et
1621 694 1765 738 potibus
1791 694 1826 728 it
1837 705 1860 728 a

305 743 514 786 abstinuit,
540 745 580 776 ut
604 742 703 776 nulla
726 741 869 786 penitus
893 741 1053 786 corporis
1079 741 1249 775 alimenta
1273 741 1474 785 percipiens
1498 741 1645 785 plenum
1663 741 1858 775 triennium

304 789 381 824 sine
405 789 505 824 omni
529 789 644 823 victus
669 787 845 823 desiderio
871 787 1114 832 compleverit.
1165 787 1320 832 Coepitf
1350 790 1470 822 autem
1500 788 1659 822 ieiunare
1685 798 1780 821 anno
1805 787 1859 821 in-

305 836 521 872 carnationis
555 835 790 870 dominicaess
818 833 1107 878 Dcccxxm„
1137 834 1253 869 ‘sicut
1288 835 1326 868 in
1357 835 1466 879 ipsius
1501 834 1586 868 anni
1619 834 1887 878 descriptione·
1908 862 1917 870 .

305 883 467 928 superius
492 882 704 917 adnotatum
729 884 794 926 est,
820 883 857 916 et
880 881 927 915 in
951 881 1020 916 hoc
1046 892 1152 925 anno,
1177 881 1215 915 id
1239 884 1294 916 est
1318 880 1564 916 DOCCXXV.
1590 881 1685 915 circa
1702 880 1859 915 Novem·
1893 906 1900 912 .
1943 907 1948 910 ⁴

304 930 378 965 bris
412 929 543 964 mensis
576 929 719 963 initium
754 939 872 963 escam
897 939 1038 962 sumere
1063 938 1105 962 ac
1130 939 1231 962 more
1256 930 1459 963 ceterorum
1475 927 1497 954 h
1526 928 1733 962 mortalium
1758 938 1859 961 man·

305 976 471 1012 ducando
496 976 616 1010 vivere
642 974 782 1019 coepiti
796 1002 805 1012 .
970 1003 974 1007 .

423 1021 713 1058 DCCCXXVL*
750 1021 842 1056 Cum
856 1021 933 1066 regi
945 1020 1217 1066 Bulgarorumk
1233 1021 1342 1067 legati
1354 1021 1420 1066 sui,
1434 1020 1543 1066 quidl
1562 1021 1713 1066 egerint,
1726 1032 1859 1054 renun-

304 1069 453 1104 tiassent
461 1075 503 1111 m,
527 1069 660 1103 iterum
678 1079 772 1112 eum,
798 1079 906 1112 quem
923 1067 1093 1112 primum
1112 1068 1270 1111 miserat,
1295 1068 1342 1102 ad
1357 1068 1613 1112 imperatorem
1631 1079 1714 1102 cum
1732 1067 1860 1102 litteris

304 1116 452 1160 remisit,
489 1126 632 1161 rogans,
666 1118 708 1148 ut
740 1115 816 1148 sine
850 1125 952 1148 mora
964 1121 984 1141 ¹¹
1024 1114 1071 1148 in
1105 1114 1365 1158 dispositione
1398 1115 1637 1149 terminorum
1672 1114 1708 1148 di
1719 1113 1737 1148 f
1742 1113 1860 1148 finitio

304 1162 409 1197 fieret
431 1161 501 1206 vel,
535 1161 564 1195 si
587 1161 657 1196 hoc
682 1171 756 1195 non
779 1161 950 1205 placeret,
984 1171 1067 1194 suos
1101 1160 1253 1204 quisque
1285 1161 1460 1195 terminos
1491 1161 1567 1195 sine
1591 1161 1690 1205 pacis
1714 1160 1861 1195 foedere

305 1211 478 1243 tueretur.
527 1207 673 1253 Quem
703 1207 901 1251 imperator
925 1210 1205 1250 susceptum
1231 1209 1277 1241 et
1301 1207 1520 1242 auditum
1550 1207 1627 1242 sine
1653 1207 1781 1242 litteris
1805 1217 1860 1241 re-

305 1266 426 1290 meare
451 1254 547 1290 fecit.
595 1254 722 1289 Mense
748 1256 906 1288 autem
930 1252 1030 1288 Maio
1067 1253 1191 1297 apud
1214 1253 1501 1299 Ingilenheim⁰
1531 1253 1656 1288 habito
1681 1257 1862 1288 conventu

306 1303 446 1337 diversa
455 1314 474 1336 r
483 1314 508 1336 ιι
517 1313 554 1335 ιιι
574 1313 598 1347 g
608 1312 627 1336 e
638 1312 663 1334 n
673 1303 688 1335 t
698 1301 710 1334 i
720 1312 744 1334 ιι
754 1312 790 1334 m
808 1300 1005 1345 legationes
1023 1299 1107 1334 audi
1117 1303 1134 1334 t
1143 1311 1165 1334 a
1174 1311 1190 1334 s
1215 1300 1378 1336 absolvit.
1419 1299 1452 1345 Q
1462 1312 1487 1334 u
1497 1312 1519 1335 o
1535 1303 1700 1345 tempore
1717 1300 1862 1335 Heriol·

306 1349 373 1384 dus
386 1356 405 1383 ι)
423 1360 525 1383 -cum
559 1359 671 1382 uxore
703 1350 739 1382 et
768 1358 902 1392 magna
925 1346 1112 1381 Danorum
1146 1347 1379 1382 multitudine
1414 1347 1511 1392 apud
1534 1347 1856 1392 Mogontiacumq

305 1396 505 1440 baptizatus
531 1398 595 1431 est.
645 1393 850 1439 Georgiusr
880 1394 1027 1438 quidam
1062 1394 1294 1438 presbyters
1327 1394 1372 1428 de
1397 1393 1554 1429 Venetia
1583 1405 1667 1429 cum
1691 1393 1861 1428 Baldrico

306 1454 447 1489 comite
475 1445 784 1496 Foroiuliense
820 1452 995 1487 veniens
1030 1463 1207 1497 organum
1246 1452 1578 1497 ydroulicumt
1615 1452 1862 1498 Aquisgrani

306 1501 439 1537 fecit.
488 1499 667 1535 Postea
699 1507 833 1543 vero,
869 1510 970 1534 cum
1004 1498 1276 1543 imperator
1309 1499 1356 1533 in
1382 1498 1462 1534 Salz
1486 1499 1579 1534 villa
1609 1499 1746 1545 regia
1777 1510 1861 1534 con—

305 1561 463 1594 ventum
480 1558 506 1593 h
516 1559 570 1593 ab
581 1569 601 1593 e
611 1570 631 1592 r
641 1569 660 1592 e
671 1560 687 1592 t
698 1584 707 1602 ,
723 1558 903 1602 perlatum
920 1559 975 1592 est
991 1557 1038 1591 ad
1054 1557 1130 1592 eius
1147 1557 1356 1602 notitiamu,
1374 1557 1556 1601 quomodo
1573 1557 1664 1592 Aizo
1683 1548 1862 1592 Gothus

307 1610 364 1652 de
427 1609 596 1651 alatiov
626 1608 849 1663 fugiensW
882 1615 938 1650 ad
961 1614 1260 1651 Sarracenos
1286 1627 1332 1650 se
1357 1616 1656 1651 contulisset
1681 1619 1727 1651 et
1751 1615 1863 1650 inde

307 1675 329 1699 a
382 1664 389 1671 '
427 1675 449 1698 a
485 1666 612 1698 contra
647 1666 788 1698 nostros
825 1662 1076 1707 accepisset.
1137 1661 1330 1698 Graviter⁸
1367 1663 1582 1707 accepit,
1625 1665 1765 1705 tamen,
1806 1673 1863 1698 ne

307 1710 422 1755 quid
445 1711 650 1751 inconsulte,
671 1712 859 1755 ageret,
886 1709 1082 1744 adventum
1099 1709 1385 1744 consiliariorum
1398 1717 1419 1736 ¹
1446 1709 1593 1744 suorum
1619 1709 1864 1744 iudicavit

307 1758 475 1802 opperiri.
628 1757 725 1791 Dum
755 1757 844 1791 haec
857 1763 879 1791 y
913 1758 1079 1802 aguntur,
1109 1755 1330 1791 Hildoinusz
1368 1757 1478 1791 abbas
1509 1756 1718 1790 monasterii
1748 1756 1863 1790 sancti

306 1804 458 1839 Dionisii
482 1804 638 1839 Romam
669 1804 816 1838 mittens
842 1805 1024 1838 annuente
1048 1803 1216 1847 precibus
1230 1809 1250 1829 a
1281 1803 1356 1838 eius
1371 1802 1391 1829 b
1421 1803 1586 1849 Eugenio
1613 1803 1854 1848 apostolicaec

307 1851 400 1886 sedis
434 1854 520 1885 tunc
555 1849 747 1895 praesuled
782 1861 862 1885 ossa
894 1849 992 1884 beati
1022 1852 1118 1884 mart
1125 1850 1232 1894 yris⁰
1264 1849 1398 1884 Christi
1429 1849 1630 1885 Sebastiani
1662 1850 1801 1894 accepit
1826 1852 1863 1884 et

307 1909 350 1932 ea
374 1897 471 1942 apud
495 1896 744 1932 suessonumf
774 1898 957 1932 civitatem
981 1897 1019 1930 in
1045 1897 1191 1931 basilica
1216 1897 1331 1932 sancti
1354 1896 1523 1931 Medardi
1547 1896 1747 1932 collocavit.
1788 1896 1863 1931 Ubi

307 1945 394 1978 dum
412 1944 529 1979 adhuc
546 1944 583 1978 in
600 1945 730 1987 loculo,
755 1956 771 1978 s
782 1944 884 1978 icut
909 1944 1026 1978 allata
1037 1949 1060 1976 g
1083 1946 1197 1987 erant,
1223 1944 1411 1978 inhumata
1427 1944 1597 1987 iacerent,
1622 1946 1725 1978 tanta
1743 1943 1862 1988 signo·

306 2003 388 2025 rum
414 2002 455 2026 ac
479 1986 727 2037 prodigiorum
752 1990 954 2038 multitudo·
973 1990 1112 2033 claruit,
1141 1993 1244 2025 tanta
1267 1991 1443 2025 virtutum
1466 1991 1519 2024 vis
1543 1990 1582 2024 in
1606 1990 1705 2025 omni
1729 2001 1863 2035 genere

307 2038 500 2072 sanitatum
517 2049 583 2082 per
599 2038 757 2072 divinam
774 2036 956 2083 gratiamh
978 2037 1118 2080 enituit,
1143 2040 1185 2071 ut
1209 2049 1229 2072 a
1252 2037 1351 2072 nullo
1368 2036 1598 2072 mortaliumi
1625 2037 1823 2072 eorundem
1835 2036 1859 2063 k

307 2084 564 2119 miraculorum
590 2088 652 2118 aut
676 2095 848 2119 numerus
874 2084 1132 2128 comprehendi
1157 2087 1220 2119 aut
1243 2084 1397 2119 varietas
1421 2085 1540 2119 valeat
1565 2084 1735 2121 enan-ari.

449 2130 736 2167 DGOOXXVH.
777 2130 966 2165 Exercitus
992 2142 1013 2164 a
1037 2142 1122 2176 rege
1140 2130 1424 2165 Sarracenorum
1440 2130 1666 2165 Abdiraman
1691 2131 1737 2164 ad
1762 2130 1862 2164 auxi-

307 2189 396 2223 lium
412 2188 542 2223 Aizoni
566 2188 756 2223 ferendum
783 2189 840 2222 du
851 2200 870 2223 c
881 2199 900 2223 e
918 2188 1155 2223 Abumarvan
1171 2189 1265 2233 regis
1282 2189 1438 2233 propinq
1448 2201 1472 2222 u
1483 2200 1504 2223 o
1523 2180 1787 2223 Gerundam
1800 2177 1809 2202 ¹
1824 2196 1830 2201 ·
1844 2180 1861 2205 ⁴¹

462 2305 495 2350 *)
518 2306 563 2339 In
593 2317 755 2387 mmffle
783 2307 855 2340 cod.
883 2308 902 2342 l
939 2308 1062 2350 prima
1096 2317 1206 2339 manu
1240 2306 1346 2341 add..·
1386 2304 1587 2340 Heistolfus
1624 2305 1861 2349 archiepisco-

518 2363 584 2396 pus
610 2364 633 2391 β
739 2379 748 2388 .

307 2470 336 2499 a)
355 2468 434 2494 brito
454 2470 478 2496 1.
496 2469 521 2496 2.
602 2469 632 2500 b)
652 2469 789 2495 lamberti
808 2469 833 2497 2.
914 2471 941 2500 c)
959 2467 1108 2501 godofridi
1127 2469 1152 2496 3.
1235 2467 1266 2499 d)
1285 2476 1385 2494 marca
1404 2476 1479 2497 corr.
1499 2469 1621 2494 marcha
1639 2469 1665 2495 2.
1737 2470 1764 2499 e)
1784 2475 1862 2494 com-

308 2504 481 2530 mertiacum
499 2505 524 2532 2.
537 2504 562 2531 3.
634 2505 658 2535 f)
678 2504 758 2539 cepit
776 2505 802 2532 2.
873 2506 903 2536 g)
922 2503 1070 2530 dominice
1089 2505 1115 2532 3.
1186 2504 1216 2534 h)
1237 2508 1404 2541 ceterorum
1425 2505 1448 2531 1.
1516 2505 1537 2535 i)
1556 2504 1636 2536 cepit
1655 2505 1681 2531 3.
1746 2503 1777 2534 k)
1796 2504 1862 2529 uul-

308 2546 410 2570 garum
431 2540 455 2566 1.
474 2540 499 2567 2.
598 2539 619 2571 1)
638 2538 720 2572 quod
738 2539 764 2566 2.
863 2541 902 2570 m)
922 2547 1043 2566 renunc.
1062 2539 1087 2566 3.
1182 2541 1213 2570 ιι)
1232 2547 1380 2565 morarum
1400 2541 1424 2566 1.
1443 2539 1469 2566 3.
1567 2541 1596 2570 ο)
1616 2539 1816 2570 ingulenheim
1835 2539 1861 2566 3.

310 2575 339 2606 p)
360 2573 510 2599 harialdus
530 2574 554 2601 3.
635 2576 665 2606 q)
683 2574 864 2606 mogontiam
883 2575 907 2602 3.
990 2576 1014 2605 r)
1034 2574 1159 2600 Geor-ius
1179 2575 1205 2602 3.
1286 2576 1312 2605 s)
1331 2575 1479 2607 presbiter
1497 2575 1522 2601 3.
1608 2575 1630 2604 t)
1650 2573 1765 2607 ydroul.
1785 2581 1861 2602 cor-r.

309 2607 424 2641 ydraul.
444 2611 467 2636 1.
531 2611 561 2639 u)
581 2609 722 2635 noticiam
741 2610 767 2637 2.
830 2611 860 2641 v)
879 2610 995 2642 palacio
1014 2610 1039 2636 3.
1104 2611 1143 2640 w)
1162 2610 1267 2641 fugens
1286 2610 1310 2636 3.
1371 2612 1402 2640 x)
1421 2609 1612 2634 consiliarum
1631 2610 1655 2636 3.
1711 2611 1742 2642 y)
1762 2609 1815 2634 hec
1835 2610 1861 2636 3.

309 2646 335 2674 z)
355 2643 538 2670 hildiuuinus
558 2645 583 2671 3.
681 2647 710 2676 a)
729 2644 833 2676 ficibus
853 2645 878 2672 3.
977 2645 1006 2675 b)
1033 2645 1107 2669 deest
1125 2645 1151 2672 2.
1170 2645 1195 2672 3,
1294 2646 1321 2674 c)
1341 2645 1505 2676 apostolice
1524 2645 1549 2671 3.
1648 2643 1679 2674 d)
1699 2644 1816 2676 presule
1836 2645 1861 2671 1.

309 2681 336 2708 e)
355 2679 484 2705 martiris
506 2681 528 2706 1.
618 2679 643 2711 f)
660 2686 833 2706 suessonam
853 2681 877 2707 1.
895 2679 922 2707 3.
1011 2682 1040 2711 g)
1064 2680 1144 2705 alata
1163 2680 1188 2707 3.
1279 2680 1310 2710 h)
1332 2680 1463 2711 graciam
1482 2680 1508 2707 3.
1597 2679 1618 2710 i)
1637 2679 1814 2704 mortaluum
1835 2678 1860 2707 3.

308 2714 340 2745 k)
359 2713 520 2739 earundem
540 2715 619 2742 codd.
727 2715 748 2746 l)
766 2713 928 2747 gerendam
948 2716 972 2742 1.

311 2819 346 2862 1)
369 2829 545 2852 annorum
571 2818 714 2853 circiter
737 2818 815 2853 XII
840 2820 935 2855 Ann.
952 2820 1066 2854 Laur.
1149 2819 1185 2859 2)
1208 2819 1374 2853 omnibus
1399 2820 1494 2854 Anu.
1511 2819 1626 2854 Laur.
1711 2819 1747 2860 3)
1770 2819 1861 2851 For-

309 2869 400 2899 tasse
416 2866 586 2908 quaedam
602 2866 703 2899 verba
720 2867 934 2909 exciderunt,
961 2871 1001 2900 ut
1017 2865 1124 2910 Quod
1140 2866 1338 2911 imperator
1354 2876 1583 2909 quamquam.
1657 2866 1694 2907 4)
1714 2863 1860 2898 Caesar-

309 2914 499 2957 augustam
523 2911 660 2946 venisse
686 2912 878 2948 nunciatur
903 2915 996 2949 Anu.
1022 2914 1136 2949 Laur.
