2020 3358
470 297 708 334 AUCTORE
733 296 1013 334 EINHARDO.
1061 296 1109 334 A.
1135 299 1334 335 821-825.
1635 300 1682 334 23

124 416 290 450 missum
327 415 453 450 relicta
489 414 603 450 Siscia
640 414 785 450 civitate
825 414 873 448 ad
910 413 1085 457 Sorabos,
1129 414 1199 458 qui
1241 425 1412 460 magnam
1448 414 1678 450 Dalmatiae⁸

125 466 266 507 partem
291 462 455 496 obtinere
481 461 681 506 dicuntur,
706 461 879 507 fugiendo
904 472 942 495 se
967 461 1131 504 contulit,
1157 472 1258 495 cum
1273 459 1294 487 b
1324 461 1501 495 iterum
1527 462 1574 495 in
1597 461 1682 496 Dal-

124 512 257 544 matas
297 509 343 543 ad
375 508 677 544 Lindemuhslum
717 508 936 543 avunculum
966 507 1136 542 Bomaec
1178 507 1279 542 ducis
1319 508 1558 552 pervenisset,
1599 508 1683 543 dolo
1697 515 1899 543 A.Laur.823.

124 557 234 601 ipsius
259 555 469 590 interfectus
494 558 578 592 est.
697 555 781 590 Hoc
806 566 901 589 anno
926 554 1092 599 prodigia
1117 553 1324 599 quaedamd
1352 554 1510 589 extitisse
1535 565 1683 589 narran-

123 609 195 646 tur,
229 603 267 637 in
301 602 431 646 quibus
465 602 686 647 praecipuae
716 601 865 637 fuerunt
898 602 936 636 in
961 601 1134 646 Aquense
1167 601 1303 646 palatio
1326 600 1473 636 terraef
1502 604 1623 636 motus
1648 604 1686 636 et

125 650 162 684 in
186 649 370 684 territorio
396 649 567 684 Tullense
591 649 694 683 iuxta
717 649 839 683 villam
857 647 1168 684 Commerciacum
1192 648 1313 692 puella
1338 647 1544 692 quaedam<¹
1574 659 1685 682 anno-

123 708 206 731 rum
223 696 299 731 fere
316 696 508 731 duodecim
532 696 577 730 ab
595 696 695 730 omni
712 696 792 731 cibo
809 707 876 740 per
892 695 1018 730 decem
1036 706 1178 730 menses
1203 695 1387 730 abstinens
1412 697 1450 730 et
1472 695 1511 729 in
1528 694 1686 730 Saxonia

125 744 163 778 in
187 754 292 789 pago,
318 743 380 787 qui
397 746 548 778 vocatur
562 742 747 787 Firihsazi,
772 741 910 777 XXffl
925 743 1067 777 villae&
1095 743 1180 788 igne
1205 741 1378 777 caelestill
1401 741 1674 777 concremataei

126 794 163 826 et
187 789 357 836 fulgorak
386 801 513 825 sereno
548 793 657 834 atque
691 789 850 824 interdiu
884 789 930 824 de
963 788 1087 824 caelol
1122 789 1300 825 cadentia.
1348 788 1398 824 Et
1431 789 1469 823 in
1502 788 1686 823 territorio

126 837 351 873 Cometensi
386 836 556 872 Italiaem
593 836 747 872 civitatis
790 836 828 871 in
863 837 944 872 vico
982 835 1235 871 Grabadonan
1277 836 1314 870 in
1352 835 1528 871 ecclesia⁰
1571 836 1686 870 sancti

125 884 298 920 Iohannis
322 884 500 928 baptistae
515 891 536 918 P
566 884 687 929 imago
713 886 887 918 sanotaeq
915 882 1055 918 Mariae
1079 894 1235 928 puerum
1259 882 1382 918 Iesum
1407 883 1546 928 gremio
1572 883 1686 918 conti-

126 932 271 966 nentisr
307 943 349 966 ac
382 943 574 976 magorum
606 942 759 965 munera
783 930 1014 965 offerentium
1045 930 1084 964 in
1109 930 1257 965 absidas
1290 929 1451 964 eiusdem
1482 930 1678 965 ecclesiaet

126 979 270 1023 depicta
295 982 331 1013 et
356 978 402 1013 ob
428 978 575 1012 nimiam
598 980 816 1013 vetustatem
842 978 1034 1012 obscurata
1059 980 1096 1012 et
1119 988 1212 1022 pene
1238 977 1372 1012 abolita
1396 979 1499 1011 tanta
1523 977 1688 1012 claritate

125 1037 192 1070 per
215 1026 369 1060 duorum
395 1025 535 1060 dierum
561 1025 676 1070 spatia
701 1024 845 1069 effulsit,
879 1027 920 1059 ut
951 1036 1097 1059 omnem
1129 1024 1359 1069 splendorem
1383 1035 1499 1058 novae
1523 1024 1687 1068 picturae

126 1084 211 1107 suae
227 1072 414 1106 vetustatis
438 1072 735 1116 puichritudineu
763 1072 995 1107 cernentibus
1014 1071 1159 1116 penitus
1175 1071 1321 1107 vincere
1337 1070 1538 1115 videretur3
1562 1082 1687 1116 mago-

126 1132 207 1154 rum
233 1123 356 1154 tamen
380 1119 554 1165 imagines
579 1122 751 1163 praeterv
779 1130 943 1162 munera,
968 1130 1061 1163 quae
1086 1118 1300 1163 offerebant,
1329 1118 1518 1153 minimew
1544 1118 1687 1153 claritas

127 1167 189 1201 illa
221 1167 412 1200 inradiavit
424 1174 460 1203 x.
509 1166 559 1201 Et
588 1166 626 1200 in
655 1166 778 1200 multis
811 1166 1019 1211 regionibus
1054 1165 1189 1219 [fruges
1200 1166 1240 1211 y]
1274 1165 1461 1210 grandinis
1485 1165 1687 1200 vastatione

129 1213 294 1248 deletaeZ
331 1218 439 1257 atque
469 1213 507 1247 in
538 1213 753 1257 quibusdam
783 1213 871 1248 locis
896 1213 1003 1247 simul
1027 1223 1111 1247 cum
1134 1224 1212 1257 ipsa
1235 1212 1412 1257 grandine
1442 1212 1519 1247 veri
1548 1211 1687 1256 lapides

129 1266 236 1304 atque
261 1260 417 1306 ingentis
441 1260 610 1304 ponderis
635 1260 802 1295 decidere
826 1260 904 1296 visi.
953 1259 1090 1294 Domus
1122 1271 1266 1304 quoque
1301 1259 1347 1294 de
1371 1259 1501 1294 caelo⁸
1533 1257 1680 1294 tactaeb

128 1308 363 1351 hominesque
398 1318 440 1342 ac
473 1310 595 1342 cetera
627 1307 797 1342 animalia
828 1306 962 1351 passim
995 1306 1188 1341 fulminum
1222 1307 1298 1341 ictu
1328 1308 1499 1351 praetere
1540 1306 1687 1340 solitum

128 1355 256 1389 crebro
282 1354 487 1388 exanimata
511 1354 691 1389 dicuntur.
741 1353 876 1389 Secuta
900 1356 955 1388 est
978 1354 1106 1399 ingens
1134 1353 1340 1398 pestilentia
1363 1355 1473 1397 atque
1496 1352 1687 1387 hominum

127 1401 327 1435 mortalitas
352 1412 421 1435 ma
464 1412 531 1436 na.

268 1413 590 1483 Dcccxffi.‹1
628 1446 710 1482 Rex
726 1446 995 1492 Bulgarorume
1019 1446 1197 1492 Omortag
1219 1446 1318 1491 pacis
1335 1445 1550 1481 faciendaef
1571 1446 1688 1492 gratia
1701 1452 1741 1480 ib.

128 1494 174 1528 ad
198 1494 453 1538 imperatorem
479 1494 617 1539 legatos
643 1496 688 1528 et
713 1494 903 1528 litteras&
931 1493 1046 1537 misit3
1078 1505 1169 1538 quos
1193 1505 1276 1529 rex
1301 1493 1470 1528 auditos
1494 1493 1689 1529 remisit

129 1544 173 1575 et
208 1552 308 1575 cum
343 1541 411 1575 eis
444 1539 725 1575 Machelmumh
761 1540 806 1575 de
831 1540 999 1575 Baioaria
1033 1541 1079 1575 ad
1111 1543 1355 1575 memoratum
1387 1552 1513 1586 regem
1544 1541 1686 1576 direxit.

127 1586 405 1623 Paschalisi
439 1599 560 1632 papa
585 1587 849 1622 defunctus
875 1591 918 1622 et
941 1587 1127 1634 Eugenius
1151 1599 1230 1633 pro
1256 1599 1304 1622 eo
1330 1587 1558 1632 pontifex
1584 1599 1687 1622 con·

128 1635 317 1669 stitutus
349 1637 412 1669 est.
462 1634 740 1679 Imperator
762 1634 998 1669 Hiotharium
1022 1634 1139 1669 filium
1173 1632 1309 1669 suum'
1340 1635 1395 1669 ad
1428 1634 1685 1669 iustitiask

127 1682 383 1716 faciendas
407 1681 563 1716 Romam
588 1681 721 1718 misit.
762 1681 846 1726 Ipse
872 1693 973 1716 cum
999 1682 1224 1717 exercitu
1246 1681 1533 1716 Brittanniaml
1560 1682 1689 1726 petit

128 1729 364 1773 divisisque
389 1729 428 1762 in
451 1732 525 1763 tres
549 1731 670 1773 partes
696 1729 854 1773 copiis
878 1731 994 1764 totam
1013 1729 1110 1764 ferro
1134 1732 1171 1764 et
1185 1729 1301 1774 ignim
1318 1729 1492 1764 devastat
1516 1729 1688 1773 acceptis—

128 1787 215 1820 que
241 1787 261 1810 a
285 1775 424 1820 perfido
450 1775 686 1810 Brittonum¹¹
715 1776 863 1820 populo,
897 1788 987 1820 quos
1017 1777 1269 1820 imperaverat,
1305 1776 1489 1811 obsidibus
1523 1787 1688 1811 reversus

129 1838 192 1871 est.
241 1833 325 1869 Hoc
342 1845 437 1869 anno
462 1827 652 1869 hiems0·
665 1826 680 1851 ¹
701 1839 861 1882 aspera
883 1830 929 1869 et
950 1827 1085 1869 valde
1107 1826 1284 1882 prolixa
1307 1827 1435 1868 facta
1455 1829 1538 1877 est,
1571 1840 1688 1880 quae

127 1899 220 1926 non
252 1885 399 1926 solum
431 1885 660 1935 animalia,
693 1898 853 1927 verum
885 1886 1025 1927 etiam
1055 1886 1264 1928 homines
1292 1886 1513 1940 quosdam
1533 1886 1687 1927 imma·

127 1944 276 1986 nitate
307 1944 491 1998 frigoris
523 1944 732 1986 extinxit.
790 1952 891 1987 Ante
916 1952 1108 1986 solstitium
1124 1959 1144 1986 Ρ
1183 1963 1373 1996 quoque
1406 1952 1530 1996 paucis
1561 1952 1688 1987 diebus

128 1999 165 2032 in
203 1999 385 2033 territorio
424 1999 570 2045 August
580 2010 600 2033 a
611 1999 771 2034 dunense
785 2006 805 2032 (ι
847 2010 931 2034 aere
966 1999 1005 2033 in
1041 2002 1295 2044 tempestatem
1332 1996 1451 2034 subita
1486 1999 1688 2033 mutatione

129 2057 301 2080 converso
336 2046 463 2091 ingens
496 2046 741 2092 fragmentum
776 2058 821 2081 ex
851 2046 966 2092 glacie
977 2053 993 2073 1·
1024 2047 1131 2081 simul
1161 2058 1245 2082 cum
1279 2046 1481 2092 grandines
1514 2046 1689 2080 decidisse

127 2104 152 2137 p
163 2104 181 2127 e
192 2104 212 2127 r
220 2093 245 2127 h
255 2093 267 2126 i
277 2093 300 2126 b
313 2104 331 2127 e
342 2095 412 2136 tur,
448 2093 548 2128 cuius
572 2093 762 2138 longitudo
787 2093 923 2137 quinde
931 2105 957 2127 n
966 2105 991 2128 u
1001 2105 1038 2127 m
1050 2120 1059 2137 ‚
1093 2093 1248 2128 latitudo
1273 2096 1412 2138 septem
1423 2094 1436 2119 t
1447 2120 1457 2138 ‚
1489 2093 1688 2128 crassitudo

128 2140 200 2174 duo
210 2151 229 2174 r
239 2152 262 2174 u
273 2151 309 2173 m
334 2140 406 2184 ped
416 2151 440 2174 u
450 2152 486 2174 m
512 2140 531 2175 f
537 2152 560 2174 u
571 2140 639 2175 isse
665 2140 809 2176 dicitur.
1613 2138 1616 2145 '

268 2186 516 2223 DCCCXXV.
557 2186 727 2222 Iterum
745 2199 823 2233 rex
839 2187 1109 2233 Buigarorumu
1132 2187 1244 2222 alios
1268 2187 1406 2232 legatos
1426 2187 1479 2222 ad
1494 2187 1688 2231 imperato·
1702 2193 1743 2220 ib.

128 2245 216 2268 rem
242 2233 379 2277 misit,
405 2234 450 2269 de
472 2234 636 2269 terminis
661 2233 740 2269 vid
751 2235 845 2269 elic
856 2237 902 2269 et
926 2245 968 2269 ac
986 2233 1119 2269 finibus
1136 2235 1232 2269 inter
1247 2234 1408 2269 Francos
1426 2237 1463 2269 et
1477 2233 1684 2279 Bulgarosv

129 2281 397 2317 constituendis.
441 2279 563 2326 Quib
574 2293 598 2315 u
609 2293 625 2315 s
649 2293 668 2316 r
679 2292 732 2316 ex
757 2282 880 2316 auditi
891 2293 906 2316 s
931 2293 997 2326 per
1014 2282 1170 2326 eosdem,
1197 2282 1259 2326 qui
1276 2281 1323 2316 ad
1347 2293 1363 2315 s
1374 2293 1394 2316 e
1418 2281 1517 2316 missi
1533 2281 1688 2325 fuerant,

128 2328 265 2372 legatos
299 2329 377 2372 regi
411 2339 537 2363 eorum
571 2328 687 2363 missis
722 2329 850 2364 litteris
857 2335 900 2372 W,
933 2332 1045 2374 prout
1077 2329 1279 2372 videbatur,
1313 2329 1511 2373 respondit.
1561 2328 1688 2363 Wiho-

131 2435 159 2462 a)
178 2431 322 2458 dalmacie
341 2434 366 2460 3.
428 2434 459 2465 b)
478 2437 509 2460 et
527 2435 608 2462 codd.
671 2436 698 2466 c)
717 2435 816 2460 Bome
835 2435 861 2462 3.
925 2434 956 2466 d)
975 2434 1103 2467 quedam
1122 2435 1148 2462 3.
1213 2436 1240 2466 e)
1260 2434 1404 2467 precipua
1424 2436 1449 2463 1.
1522 2436 1545 2466 f)
1565 2438 1644 2461 terre
1663 2436 1689 2462 3.

130 2471 159 2499 g)
180 2468 249 2494 ville
268 2469 292 2495 3.
357 2469 387 2498 h)
408 2469 511 2495 celesti
530 2470 555 2497 3.
619 2470 640 2501 i)
661 2473 850 2496 concremate
869 2471 894 2498 3.
958 2471 990 2502 k)
1008 2471 1127 2502 fulgura
1147 2472 1171 2497 1.
1184 2471 1209 2498 2.
1273 2471 1294 2502 1)
1314 2471 1377 2497 celo
1396 2471 1421 2497 3.
1476 2472 1515 2502 m)
1534 2471 1636 2509 italice
1655 2471 1687 2503 23

131 2503 232 2528 italice
251 2503 276 2530 3.
357 2506 388 2534 n)
407 2503 579 2536 gradabona
598 2506 678 2533 codd.
751 2508 780 2536 o)
799 2506 872 2542 eccl.
892 2507 916 2533 1.
935 2506 962 2532 2.
1035 2508 1067 2539 p)
1085 2506 1216 2538 baptiste
1236 2506 1261 2532 3.
1334 2508 1364 2538 q)
1383 2506 1433 2531 sce
1452 2506 1477 2533 3.
1550 2508 1575 2537 r)
1595 2506 1689 2532 conti-

130 2545 204 2563 nens
224 2538 304 2565 codd.
389 2541 414 2570 s)
432 2538 518 2565 bsida
536 2540 560 2567 2.
646 2543 668 2572 t)
688 2541 760 2577 gccl.
779 2543 803 2568 1.
824 2541 854 2574 2;
883 2540 964 2567 eccle
983 2541 1010 2569 3.
1090 2543 1120 2572 u)
1139 2539 1366 2577 pulchritudine
1386 2543 1410 2568 1.
1492 2543 1522 2572 v)
1544 2545 1645 2573 preter
1665 2543 1688 2568 1.

131 2575 170 2603 w)
190 2573 302 2598 minine
320 2574 346 2601 3.
430 2576 461 2605 x)
482 2575 532 2603 irr.
552 2576 577 2602 1.
595 2575 620 2602 2.
705 2578 736 2609 y)
754 2576 829 2601 deest
848 2577 878 2600 t'n
897 2577 977 2603 codd.
1059 2578 1086 2607 z)
1105 2575 1222 2613 delecte
1242 2578 1273 2607 1;
1302 2574 1401 2602 delete
1421 2576 1446 2603 3.
1530 2578 1559 2607 a)
1579 2577 1644 2602 celo
1663 2578 1689 2605 3.

131 2608 160 2638 b)
181 2612 259 2633 tacte
279 2609 304 2635 3.
359 2610 386 2639 c)
405 2612 507 2641 preter
526 2611 550 2637 1.
563 2610 588 2637 3.
642 2609 673 2642 d)
686 2611 887 2637 DCCCXXIII
907 2612 937 2636 in
951 2619 1043 2643 mary.
1057 2613 1081 2639 1.
1136 2613 1164 2642 e)
1183 2612 1338 2645 uulgarum
1352 2612 1377 2638 1.
1390 2611 1415 2639 2.
1471 2611 1496 2642 s)
1513 2610 1644 2638 faciendi
1663 2613 1688 2637 3.

130 2649 159 2675 g)
179 2643 281 2669 literas
303 2646 326 2671 l.
399 2644 430 2675 h)
449 2645 645 2676 maghelmum
664 2646 690 2674 3.
762 2647 782 2677 i)
802 2647 929 2679 pascalis
949 2647 974 2674 3.
1046 2647 1077 2678 k)
1098 2647 1233 2673 iusticias
1241 2647 1277 2673 Ἴ.
1291 2647 1315 2674 2.
1383 2646 1404 2677 l)
1423 2646 1605 2672 britanniam
1625 2649 1650 2674 1.
1663 2647 1689 2675 2.

130 2681 170 2708 m)
190 2679 258 2710 igne
279 2680 302 2706 1.
322 2680 347 2706 2.
420 2681 451 2710 n)
470 2680 620 2705 britonum
640 2682 665 2708 1.
685 2681 711 2709 2.
788 2685 816 2713 ο)
835 2682 951 2714 hiemps
970 2682 995 2709 2.
1015 2683 1040 2709 3.
1122 2684 1152 2714 p)
1171 2682 1336 2708 solsticium
1355 2682 1380 2708 2.
1399 2682 1425 2709 8.
1498 2684 1528 2714 q)
1549 2685 1689 2714 augusta-

130 2712 265 2739 dunense
284 2722 360 2742 corr.
379 2713 643 2746 augustvdunense
662 2716 687 2743 2.
752 2718 776 2747 r)
796 2717 885 2742 clatie
904 2717 929 2744 3.
993 2719 1018 2748 s)
1036 2716 1166 2749 gaudine
1185 2718 1210 2744 3.
1276 2718 1299 2748 t)
1318 2719 1475 2749 septenum
1494 2718 1519 2745 3.
1574 2719 1605 2748 u)
1624 2718 1689 2743 nul-

129 2756 232 2781 garum
255 2751 278 2776 1.
297 2751 325 2776 2.
399 2752 428 2781 v)
449 2751 586 2782 uulgaros
606 2752 631 2778 1.
649 2751 675 2778 2.
746 2754 785 2782 w)
804 2752 900 2778 literis
921 2754 946 2780 1.

131 2832 166 2874 1)
188 2831 285 2864 Haec
309 2836 339 2865 et
363 2832 441 2865 alia
462 2833 627 2876 plurima
650 2843 782 2876 eorum,
808 2844 896 2876 quae
920 2834 965 2867 ab
990 2834 1052 2867 hoc
1077 2844 1172 2868 anno
1197 2845 1221 2868 a
1245 2834 1541 2869 Laurissensibus
1564 2836 1688 2879 aliqua

129 2889 173 2911 ex
201 2883 306 2922 parte
339 2879 580 2923 discrepantia
615 2881 854 2922 inveniuntur,
896 2881 1048 2923 fortasse
1081 2891 1125 2914 ea·
1157 2882 1359 2925 antiquiore
1391 2882 1455 2916 illo
1489 2883 1689 2916 Annalium

129 2925 360 2959 Sithienst'um
385 2927 582 2971 exemplari
601 2928 714 2971 petita
738 2932 832 2970 sunt,
859 2928 900 2961 de
924 2938 991 2971 quo
1014 2939 1127 2972 supra
1152 2929 1201 2962 ad
1220 2939 1254 2964 α.
1272 2929 1354 2964 817.
1380 2930 1586 2963 mentionem
1610 2930 1688 2972 feci.
