2020 3358
328 308 397 344 128
782 305 854 342 AN
854 305 889 341 N
890 305 1059 343 ALIUM
1082 306 1414 343 FULDENSIUM

196 442 315 473 (rann).
470 426 803 470 Cunctantibus
834 441 942 484 ergo
964 428 1139 470 cunctis
1159 428 1307 470 redire
1333 427 1383 468 in
1405 430 1565 476 castra,
1598 439 1677 468 rex
1696 440 1878 468 murum
1944 450 1957 473 ς.

328 486 643 541 prospiciendo
671 487 960 537 circumibat;
993 486 1081 528 Dei
1111 488 1258 527 nutu²
1285 485 1436 527 subito
1466 486 1588 527 inter
1608 485 1799 527 obsessis
1829 487 1878 527 et
1946 503 1947 507 ¹

328 544 641 586 obsidentibus
691 545 920 600 insperate
971 545 1204 586 contentio
1256 544 1469 593 exoritur,
1528 557 1772 585 concursus
1823 556 1879 585 ex
1940 542 1945 543 ’

328 603 452 644 omni
497 605 627 658 parte
672 603 836 658 plebis,
889 616 1044 645 omnes
1089 602 1392 644 vociferantes
1437 602 1597 643 urbem
1642 602 1764 644 bello
1810 614 1884 645 ex-.
1944 623 1948 628 ’

327 673 543 716 pugnare,
585 661 795 703 omnibus
825 662 875 702 in
905 674 1061 716 pugna
1090 674 1172 715 par
1200 660 1427 702 voluntas.
1489 660 1585 702 Nec
1624 673 1763 710 mora,
1805 660 1879 702 ad-

327 722 552 761 venerunt
579 733 772 771 murum,
813 719 1042 774 lapidibus
1074 719 1333 761 defensores
1363 732 1597 760 murorum
1628 718 1878 773 depellunt,
1947 733 1951 736 ·

327 777 577 819 multitudo
615 778 816 819 virorum
861 778 1003 833 portis
1043 791 1090 820 se
1131 777 1380 832 constipat;
1428 777 1508 818 alii
1554 777 1787 818 securibus
1832 779 1880 818 et

328 836 479 890 spadis
510 838 689 890 portam
720 838 767 878 et
796 839 947 878 vectes
976 836 1172 878 ferratos
1202 836 1426 886 incidunt,
1465 835 1545 877 alii
1575 849 1756 876 murum
1786 848 1880 890 per-
1940 861 1942 867 ,

326 894 524 945 fodiunt,
557 894 637 935 alii
667 908 748 949 per
778 895 948 936 scalam
978 908 1130 936 muros
1162 895 1428 936 ascendunt.
1491 893 1653 948 sicque
1675 893 1763 935 Dei
1783 907 1880 948 pro-
1950 910 1964 934 ,¹

327 953 531 994 videntia
577 953 834 994 firmissima
880 955 927 994 et
971 952 1255 994 nobilissima
1298 952 1425 1002 urbs,
1472 952 1602 994 nullo
1649 966 1704 994 ex
1748 954 1878 1007 parte

326 1011 446 1065 regis
494 1011 550 1052 de
593 1013 727 1053 tanto
773 1012 975 1053 exercitu
1014 1011 1357 1061 succumbente,
1404 1011 1496 1052 iam
1535 1013 1878 1066 vesperascente

329 1069 402 1110 die
440 1068 660 1111 nobiliter
699 1083 803 1111 cum
839 1069 1074 1125 triumpho
1115 1071 1375 1124 expugnata
1414 1071 1501 1119 est,
1543 1069 1793 1124 apostolico
1833 1070 1880 1111 et

327 1127 440 1169 urbe
471 1128 527 1169 de
558 1128 753 1169 inimicis
783 1127 991 1169 liberato.

471 1184 628 1228 Omnis
658 1199 855 1240 namque
886 1188 1071 1228 senatus
1091 1186 1401 1227 Romanorum
1430 1199 1610 1227 necnon
1631 1184 1879 1227 Grecorum
1947 1227 1951 1234 ξ

329 1243 452 1286 scola
494 1257 597 1285 cum
635 1244 814 1286 vexillis
853 1247 900 1287 et
941 1244 1149 1286 crucibus
1195 1245 1255 1286 ad
1294 1247 1482 1299 pontem
1520 1244 1743 1286 Malvium
1756 1243 1771 1268 ¹
1809 1257 1879 1286 ve-
1952 1267 1953 1270 ¹

327 1302 506 1344 nientes
538 1316 692 1357 regem
722 1303 970 1345 honorifice
1003 1317 1107 1345 cum
1135 1304 1283 1358 ymnis
1315 1305 1361 1345 et
1393 1303 1606 1345 laudibus
1637 1303 1879 1358 suscipien-
1944 1327 1951 1343 2

327 1363 398 1403 tes
423 1362 480 1402 ad
500 1361 660 1403 urbem
681 1362 992 1416 perduxerunt
1002 1362 1030 1402 ².
1072 1358 1197 1403 ‘Iam
1219 1361 1494 1416 apostolicus
1515 1363 1707 1416 paterno
1728 1374 1908 1403 amore·
1927 1396 1936 1403 .

329 1419 562 1473 diligendo
591 1433 746 1474 regem
777 1423 884 1462 ante
914 1420 1176 1475 paradisum
1206 1420 1318 1471 loco,
1352 1421 1430 1474 qui
1462 1420 1630 1462 dicitur
1651 1419 1878 1462 Gradibus
1945 1471 1948 1475 ⁸

329 1478 476 1519 sancti
505 1478 644 1528 Petri,
686 1479 933 1533 suscipiens
974 1481 1020 1521 et
1057 1479 1248 1520 honeste
1286 1479 1345 1520 ad
1375 1479 1610 1521 basilicam
1640 1478 1879 1520 beatorum

328 1537 585 1591 principum
606 1537 915 1592 apostolorum
940 1537 1231 1579 laetificando
1262 1537 1518 1579 introduxit
1550 1540 1597 1579 et
1627 1537 1879 1578 secundum

327 1608 499 1637 morem
549 1597 884 1637 antecessorum
936 1609 1121 1637 suorum
1165 1596 1447 1650 imperialem
1493 1596 1878 1637 consecrationem

329 1667 540 1695 coronam
572 1654 710 1708 capiti
742 1654 828 1696 sibi
857 1655 1080 1709 inponens
1111 1667 1310 1696 cesarem
1340 1657 1587 1709 augustum
1614 1653 1876 1708 appellavit.

326 1712 569 1766 Dispositis
600 1712 665 1754 ibi
695 1713 978 1754 multimodis
1008 1713 1144 1755 rebus
1176 1713 1322 1754 omnis
1342 1713 1652 1754 Romanorum
1682 1712 1878 1767 populus
1955 1760 1958 1763 v

327 1771 386 1812 ad
416 1773 627 1812 sanctum
656 1770 853 1812 Paulum
890 1784 993 1812 cum
1029 1771 1286 1813 iuramento
1319 1772 1583 1826 imperatori
1614 1771 1751 1812 fidem
1781 1784 1878 1826 pro-

326 1829 575 1871 mittentes.
646 1829 962 1871 Iuramentum
1000 1843 1107 1872 vero
1146 1829 1283 1880 illud,
1324 1843 1383 1872 ne
1423 1843 1558 1884 quem
1597 1829 1759 1879 lateat,
1802 1829 1877 1871 hic
1958 1847 1959 1850 ¹

325 1888 523 1929 inserere
562 1888 898 1943 proposuimus:
942 1888 1063 1930 ‘Iuro
1102 1901 1182 1943 per
1221 1889 1306 1930 hec
1346 1889 1500 1930 omnia
1530 1888 1618 1930 Dei
1648 1888 1876 1943 mysteria,

326 1947 447 2000 quod
478 1946 603 1988 salvo
633 1947 806 1988 honore
838 1949 885 1989 et
915 1947 1016 2002 lege
1047 1960 1149 1989 mea
1179 1949 1316 2001 atque
1347 1947 1570 1989 fidelitate
1598 1947 1754 1988 domni
1774 1946 1878 1988 For-
1950 1983 1951 1986 ,
1989 1978 1992 1991 ,

325 2005 439 2046 mosi
478 2018 622 2059 papae
662 2005 810 2047 fidelis
847 2019 948 2047 sum
978 2007 1026 2047 et
1056 2019 1133 2047 ero
1164 2005 1374 2047 omnibus
1406 2006 1566 2048 diebus
1596 2006 1718 2047 vitae
1749 2018 1878 2047 meae
1913 2019 1916 2022 ’

326 2063 520 2104 Arnolfo
551 2064 815 2118 imperatori
846 2066 893 2106 et
922 2078 1173 2118 numquam
1203 2077 1276 2106 me
1312 2065 1371 2106 ad
1401 2064 1526 2106 illius
1556 2063 1878 2106 infidelitatem

327 2135 431 2162 cum
462 2121 614 2175 aliquo
646 2123 829 2164 homine
861 2123 1062 2172 sociab0;
1106 2125 1152 2164 et
1183 2123 1436 2178 Lantperto
1467 2122 1563 2164 filio
1594 2122 1877 2177 Agildrudae

326 2179 399 2222 vel
429 2179 517 2234 ipsi
547 2181 684 2221 matri
714 2194 822 2222 suae
855 2181 912 2222 ad
943 2181 1193 2233 secularem
1231 2182 1450 2223 honorem
1480 2194 1731 2235 numquam
1755 2181 1877 2222 adiu·

325 2239 493 2280 torium
533 2238 730 2293 prebebo
770 2242 818 2280 et
856 2240 975 2281 hanc
1016 2240 1249 2281 civitatem
1278 2240 1469 2281 Romam
1508 2240 1596 2294 ipsi
1626 2239 1878 2294 Lantperto

327 2297 401 2338 vel
430 2297 563 2338 matri
588 2297 684 2338 eius
705 2297 988 2351 Agildrudae
1008 2298 1082 2340 vel
1113 2311 1269 2339 eorum
1289 2297 1551 2339 hominibus
1582 2311 1663 2352 per
1693 2297 1877 2352 aliquod

327 2355 563 2409 ingenium
593 2357 675 2396 aut
706 2358 1025 2410 argumentum
1055 2370 1147 2398 non
1176 2356 1385 2398 tradam‘.

467 2413 579 2455 Post
628 2414 741 2456 haec
793 2416 947 2456 autem
994 2414 1322 2456 Constantinus
1374 2417 1420 2456 et
1467 2414 1746 2469 Stephanus,
1799 2413 1877 2468 qui
1948 2454 1957 2470 :

328 2472 519 2514 maiores
549 2472 670 2514 inter
701 2475 911 2514 senatum
942 2476 1084 2523 erant,
1125 2473 1191 2515 rei
1230 2468 1511 2515 maiestatisb
1548 2486 1644 2515 esse
1675 2472 1877 2514 accusati

329 2533 448 2580 sunt,
481 2531 588 2585 quia
619 2544 722 2572 cum
748 2530 1029 2586 Agildrude⁰
1060 2532 1185 2586 prius
1215 2531 1376 2573 urbem
1408 2532 1675 2586 capiendam
1707 2531 1877 2586 conspi-

327 2602 503 2639 ravere;
557 2603 668 2643 quos
718 2602 797 2631 rex
847 2590 944 2632 sine
994 2603 1122 2632 mora
1167 2590 1491 2645 comprehendi
1537 2592 1584 2631 et
1629 2603 1784 2632 secum
1828 2589 1877 2630 in

329 2646 541 2689 Baioaria
577 2648 817 2690 transferri
856 2649 1073 2703 precepit.
1135 2649 1305 2690 Urbem
1335 2662 1442 2691 vero
1482 2649 1540 2690 ad
1580 2662 1685 2690 suas
1715 2661 1876 2690 manus
1946 2671 1956 2706 ss·
2004 2691 2006 2694 ,

329 2706 674 2748 custodiendam
704 2706 899 2748 Faroldo
931 2708 1112 2749 cuidam
1141 2707 1336 2749 vassallo
1369 2707 1611 2757 concessit;
1649 2707 1745 2761 ipse
1775 2706 1876 2748 XV.
1955 2712 1957 2715 “

328 2803 357 2832 ο.)
377 2806 449 2827 nuto
470 2802 495 2830 3.
565 2802 596 2833 b)
615 2803 773 2835 magestati
791 2803 817 2830 3.
889 2804 917 2834 c)
935 2802 1091 2840 agildrudg
1111 2804 1136 2831 3.

330 2878 365 2919 1)
387 2878 493 2911 Ponte
518 2879 633 2914 Mane.
729 2879 765 2922 2)
787 2880 911 2913 Altero
931 2884 1012 2923 post
1034 2881 1327 2924 expuynaumaem
1350 2880 1418 2922 dte,
1447 2880 1598 2921 fortasse
1621 2879 1724 2914 Febr.
1740 2879 1807 2919 22·
1829 2879 1876 2921 cf.

329 2925 560 2958 Mahlbacher
583 2926 614 2968 I,
637 2938 674 2970 p.
692 2927 773 2968 698,
802 2927 986 2960 demler
1009 2926 1081 2969 III,
1105 2938 1142 2970 p.
1167 2928 1247 2962 420.
