2020 3358
405 304 656 350 (AUCTORE
680 303 1050 350 MEGINHARDO).
1099 306 1146 343 A.
1171 309 1252 343 872.
1277 309 1358 344 873.
1618 312 1662 345 77

105 441 298 482 quorum
323 426 492 468 ictibus
514 425 816 480 praevalidis¹²
852 425 1059 467 homines
1091 429 1138 468 et
1168 427 1374 469 iumenta
1404 429 1453 469 in
1475 430 1662 471 diversis

105 486 218 528 locis
258 485 518 527 exanimata
558 486 605 526 et
641 484 691 524 in
722 484 919 525 cinerem
949 484 1137 526 redacta
1166 489 1426 527 narrantur.
1489 487 1663 530 Domus

105 557 284 599 quoquc
320 543 468 586 sancti
500 542 626 584 Petri
641 542 656 566 ¹
687 542 810 596 apud
838 538 1168 584 Wormatiamb
1206 544 1312 598 igne
1345 545 1531 586 caelesti
1563 559 1662 587 con-

105 605 289 658 sumpta
329 604 399 644 est
437 605 484 644 et
521 601 640 642 muri
670 601 855 656 penitus
887 602 1042 642 eversi.
1108 601 1198 644 Sed
1238 605 1285 644 et
1322 604 1472 644 terrae
1513 608 1663 645 motus

105 662 199 703 III.
239 661 359 702 Non.
400 660 668 702 Decembris
709 660 823 701 hora
862 659 1009 714 prima
1047 660 1359 715 Mogontiam⁰
1404 659 1659 704 concussit‘l
1679 678 1786 706 Dema.

105 721 352 762 civitatem.

246 779 344 821 Rex
383 781 538 820 autem
579 777 800 832 disposita
839 776 1156 819 Baioariorum
1194 779 1381 833 regione
1429 780 1488 821 ad
1529 779 1664 820 Fran-

106 837 346 880 conofurtss
392 850 547 879 mense
587 835 831 878 Decembri
871 836 999 878 venit
1038 836 1193 891 ibique
1233 838 1437 880 natalem
1477 838 1663 880 Domini
1679 853 1803 881 Dec.24.

107 891 402 939 celebravitf.

247 1047 666 1090 DCCCLXXIII.g
719 1047 878 1090 Mense
899 1061 1005 1090 vero
1028 1048 1245 1091 Ianuario
1277 1062 1382 1090 cum
1413 1049 1505 1091 suis
1536 1050 1664 1091 undi-
1679 1065 1744 1092 121¹.

105 1122 194 1164 que
226 1102 631 1150 convenientibus¹¹
669 1107 725 1149 de
757 1109 883 1148 statu
913 1107 1044 1161 regni
1075 1108 1146 1148 sui
1177 1110 1224 1150 et
1254 1108 1461 1150 utilitate
1492 1109 1540 1150 in
1564 1109 1664 1152 loco

106 1168 370 1223 supradicto
410 1166 634 1222 placitum
673 1165 842 1208 habere
883 1166 1126 1220 disposuit;
1168 1166 1322 1221 ibique
1363 1166 1561 1209 Domino
1601 1168 1664 1209 fa-

108 1222 280 1269 cientei
322 1226 419 1268 eius
451 1225 632 1267 bonitas
670 1224 910 1279 magnifice
949 1225 1262 1267 demonstrata
1293 1228 1362 1267 est
1394 1228 1441 1268 et
1472 1239 1664 1280 quorun-

108 1287 215 1328 dam
245 1280 452 1327 malitiak
487 1284 558 1325 illi
588 1283 909 1325 insidiantium
951 1284 1197 1326 denudata.
1258 1284 1380 1326 Nam
1419 1298 1524 1326 cum
1555 1285 1664 1326 VII.

107 1344 214 1386 Kal.
247 1344 464 1386 Februar.
503 1338 698 1384 curiam¹
748 1342 994 1393 introisset,
1036 1342 1086 1383 in
1125 1343 1422 1397 praesentianl
1453 1343 1578 1385 illius
1620 1346 1666 1385 et
1681 1359 1797 1387 muse.

108 1404 384 1459 optimatum
423 1415 621 1451 suorum,
664 1401 975 1456 episcoporum
1009 1400 1226 1443 videlicet
1263 1403 1401 1455 atque
1433 1403 1664 1452 comitum,

107 1462 336 1516 malignus
369 1461 555 1516 spiritus
586 1460 813 1502 Karolum
843 1459 991 1500 filium
1022 1460 1119 1502 eius
1150 1460 1390 1501 minimum
1420 1461 1589 1502 invasit
1621 1463 1667 1503 et

108 1521 309 1576 graviter
347 1520 529 1562 vexavit
543 1519 570 1569 2,
612 1519 680 1560 ita
718 1521 772 1560 ut
804 1532 832 1560 a
862 1531 940 1560 sex
969 1518 1077 1560 viris
1117 1518 1379 1560 fortissimis
1410 1520 1485 1560 vix
1520 1520 1668 1562 teneri

108 1580 354 1636 potuissem
397 1581 444 1620 et
485 1578 671 1632 quidem
707 1578 818 1619 satis
854 1577 988 1619 iuste.
1052 1576 1142 1629 Qui
1173 1578 1296 1619 enim
1325 1591 1480 1632 regem
1511 1592 1538 1620 a
1569 1578 1667 1620 Deo

109 1639 308 1682 electum
347 1639 394 1680 et
434 1637 697 1679 ordinatum
738 1636 946 1691 decipere
984 1636 1145 1687 voluit,
1194 1636 1412 1692 deceptus
1459 1639 1541 1688 est,
1589 1637 1667 1691 qui

108 1698 229 1753 patri
260 1711 342 1739 suo
373 1697 589 1738 insidiose
620 1694 806 1750 laqueos
836 1696 1026 1737 tendere
1059 1695 1325 1737 consiliatus
1358 1698 1439 1746 est,
1482 1696 1578 1751 ipse
1618 1696 1667 1737 in

108 1757 295 1811 laqueos
334 1756 500 1797 incidit
532 1754 756 1804 diabolin,
798 1756 1052 1808 quatenus⁰
1091 1768 1145 1796 ex
1175 1755 1276 1809 ipsa
1306 1755 1546 1797 vexatione
1578 1755 1668 1796 dia-

107 1815 259 1858 bolica
305 1815 499 1857 disceret
544 1827 639 1855 non
685 1826 780 1855 esse
825 1813 1067 1855 consilium
1113 1816 1273 1855 contra
1313 1813 1510 1855 Deuml’.
1571 1814 1669 1855 Rex

109 1877 264 1916 autem
296 1876 343 1916 et
374 1886 542 1923 omnes,
577 1873 655 1926 qui
687 1886 791 1914 cum
821 1872 903 1913 illo
925 1874 1069 1922 erant,
1092 1873 1387 1914 vehementer
1409 1872 1668 1914 contristati

109 1934 319 1975 lacrimas
359 1932 594 1973 fuderunt.
659 1931 864 1985 Cumque
905 1931 1149 1973 duceretur
1195 1931 1254 1972 ad
1295 1930 1573 1981 aecclesiam,
1615 1933 1669 1972 ut

110 1992 308 2047 episcopi
340 2005 421 2046 pro
454 1990 550 2032 eius
583 1990 782 2031 sanitate
814 1990 1012 2031 Domino
1044 1989 1369 2044 supplicarent,
1407 2003 1530 2031 nunc
1562 1990 1669 2031 exili

109 2064 232 2092 nunc
264 2050 428 2104 grandi
459 2063 568 2091 voce
602 2048 843 2090 clamitans
883 2062 1083 2090 morsum
1123 2061 1170 2090 se
1210 2048 1478 2090 tenentibus
1510 2050 1668 2103 aperto

109 2123 187 2152 ore
209 2109 519 2150 minabatur‘l.
569 2107 823 2150 Conversus
854 2108 1010 2161 itaque
1031 2120 1110 2149 rex
1137 2107 1196 2148 ad
1217 2107 1515 2161 aequivocum
1536 2121 1668 2149 suum

111 2169 197 2210 ait:
243 2168 466 2217 videsne,
509 2181 535 2208 o
567 2166 646 2216 fili,
690 2167 817 2208 cuius
859 2166 1061 2208 dominio
1092 2180 1171 2207 vos
1202 2166 1489 2220 mancipatis,
1529 2168 1583 2207 tu
1623 2168 1669 2207 et

108 2227 255 2269 frater
293 2229 415 2275 tuus,
457 2226 640 2280 quando
682 2227 868 2267 contrar
905 2238 978 2267 me
1010 2225 1185 2279 aliquid
1225 2225 1462 2266 sinistrum
1502 2225 1669 2266 maehi-

110 2286 210 2327 nari
243 2285 488 2340 cogitatis?
533 2285 672 2326 Modo
694 2284 964 2338 intellegere
985 2284 1168 2339 poteris,
1202 2284 1240 2325 si
1272 2286 1410 2326 antea
1430 2283 1667 2333 noluisti⁸‚

111 2345 232 2398 quod
263 2345 391 2385 iuxta
420 2344 627 2386 veritatis
659 2343 936 2385 sententiam
966 2340 1110 2384 nihilt
1149 2344 1360 2397 opertum
1390 2345 1505 2394 estu,
1548 2343 1897 2396 quodMatth.10,26.

111 2416 205 2443 non
236 2402 477 2444 reveletur.
541 2402 769 2444 Confitere
810 2415 918 2456 ergo
958 2404 1147 2457 peccata
1185 2404 1268 2443 tua
1308 2404 1354 2443 et
1394 2415 1478 2456 age
1519 2401 1669 2456 poeni-

111 2461 307 2502 tentiam
347 2463 394 2502 et
433 2461 583 2503 Deum
626 2461 864 2503 humiliter
908 2460 1111 2516 postula,
1159 2463 1213 2502 ut
1258 2460 1345 2501 tibi
1391 2460 1668 2502 relaxentur.

113 2575 142 2604 a)
162 2574 273 2606 preval.
288 2575 312 2601 1.
384 2574 415 2607 b)
434 2574 635 2600 uuormaciam
654 2576 678 2603 1.
697 2575 743 2602 δᾶ.
815 2577 842 2605 c)
861 2575 1045 2607 mogonciam
1066 2575 1095 2607 13
1116 2574 1319 2606 Mogontinam
1339 2574 1369 2605 2:
1389 2574 1568 2606 magontiam
1587 2574 1670 2606 3⁶.‹l;

113 2610 315 2641 Magontinam
330 2609 366 2642 F;
385 2610 567 2641 moguntiam
585 2610 625 2637 3e.
682 2609 713 2642 d)
726 2611 910 2643 consumpsit
922 2611 962 2638 3ο.
972 2611 1000 2638 d.
1010 2617 1032 2638 e.
1045 2611 1077 2637 F.
1133 2611 1161 2640 e)
1175 2610 1380 2635 franconofort
1392 2610 1432 2637 3⁶.
1486 2610 1510 2640 f)
1523 2609 1632 2643 celebr.
1646 2609 1670 2636 2.

113 2647 141 2676 g)
155 2645 375 2672 DCCCLXXII.
388 2645 404 2669 2
423 2646 474 2676 (ct.
489 2652 515 2672 a.
528 2645 603 2676 868).
660 2645 692 2679 h)
710 2646 902 2671 venientibus
922 2646 1031 2674 smne,
1050 2645 1083 2672 F.
1138 2645 1160 2678 i)
1179 2645 1301 2670 favente
1321 2645 1360 2672 δι’.
1370 2645 1398 2672 cl.
1409 2652 1430 2672 e.
1449 2645 1482 2672 F.
1537 2644 1569 2678 k)
1587 2644 1671 2670 mali-

114 2680 160 2706 cia
179 2681 204 2707 2.
224 2681 301 2707 sest.
313 2688 334 2708 e,
419 2680 440 2711 1)
459 2687 565 2705 cunam
585 2680 661 2708 aas,
745 2682 785 2711 m)
804 2688 880 2713 pres.
902 2682 926 2708 1.
1010 2682 1041 2711 n)
1061 2679 1138 2707 diab.
1159 2681 1216 2708 inc.
1235 2681 1344 2707 3c.‹l.e.
1364 2680 1397 2707 F.
1481 2681 1511 2711 o)
1529 2680 1671 2712 quatinus

112 2716 138 2742 2.
157 2716 266 2742 3c.d.e.
344 2715 375 2747 p)
394 2713 545 2741 dominum
564 2716 636 2742 Sca.
714 2716 745 2748 q)
765 2717 896 2742 minatur
915 2716 939 2744 2.
1013 2718 1038 2747 r)
1057 2714 1218 2742 adversum
1238 2716 1277 2743 8ο.
1287 2716 1315 2743 d.
1325 2722 1347 2743 e.
1365 2715 1399 2743 F.
1470 2716 1496 2746 s)
1516 2715 1626 2741 nolusti
1647 2717 1671 2743 1.

114 2752 136 2782 t)
156 2751 248 2776 nichil
268 2752 294 2778 2.
312 2751 422 2779 3c‚‹l.e.
495 2753 525 2782 u)
544 2751 618 2775 <lecet
639 2752 663 2778 1,

115 2845 149 2888 1)
173 2846 287 2886 Quam
311 2856 334 2879 α
361 2845 522 2878 Samuele
545 2845 683 2878 demum
706 2846 864 2889 episcopo
886 2844 927 2890 (ἦ-
943 2845 1028 2888 856)
1050 2849 1292 2879 restauratam
1317 2844 1429 2886 fuisse
1445 2844 1540 2880 Arm.
1557 2844 1669 2879 Xant.

115 2893 299 2926 memoriae
319 2893 489 2936 produnt.
585 2892 621 2935 2)
644 2892 696 2925 De
721 2893 779 2926 his
802 2893 906 2926 rebus
929 2893 1035 2926 etiam
1059 2892 1201 2929 Hincm.
1226 2896 1257 2926 et
1282 2892 1377 2928 Arm.
1395 2892 1506 2927 Xant.
1527 2893 1669 2936 pariter

113 2939 295 2980 refer-unt,·
319 2941 364 2982 cf.
390 2939 576 2973 Dilmmler
601 2939 652 2983 II,
676 2951 713 2983 p.
739 2940 938 2976 352—354.
