2020 3358
483 310 721 348 AUCTORE
746 310 1026 347 EIN'HARDO.
1075 310 1122 347 A.
1147 313 1347 348 826-829.
1648 315 1695 350 25

135 431 267 467 venit.
316 429 401 464 Oui
425 428 618 473 Pippinus
643 427 755 462 filius
779 427 1025 472 imperatoris
1059 438 1143 462 cum
1176 428 1401 462 exercitu
1431 430 1595 464 missus
1620 441 1694 465 re-

135 478 361 519 sisteret,
396 476 482 510 nisi
516 475 653 510 desidia
677 475 822 519 ducum,
848 486 938 519 quos
964 474 1121 518 copiis
1146 474 1381 519 praefecerat,
1410 476 1559 519 tardius,
1584 488 1693 521 quam

134 535 257 559 rerum
283 523 474 558 necessitas
498 522 715 567 postulabat,
741 522 781 566 is,
809 533 918 566 quem
943 521 1136 564 ducebant,
1165 521 1212 556 ad
1236 528 1424 556 marcama
1454 523 1608 558 venisset
1633 535 1693 558 ex-

135 571 280 608 ercitus.
329 569 430 614 Quae
454 569 605 604 tarditas
629 569 668 603 111
691 571 836 603 tantum
860 568 969 603 noxia
993 568 1072 612 fuit,
1107 570 1148 602 ut
1171 567 1410 603 Abumarvan
1434 570 1580 604 vastatis
1606 570 1693 604 Bar-

135 615 416 653 cinonensiumb
456 627 498 651 ac
533 614 826 651 Gerundensium
860 615 955 661 agris
988 615 1151 660 villisque
1186 615 1339 650 incensis
1374 627 1456 650 cum
1491 616 1686 651 incolomiss

134 664 295 700 exercitu
321 661 670 709 Caesaraugustamd
699 674 737 697 se
761 663 860 707 prius
884 662 1074 706 reciperet,
1108 673 1218 706 quam
1249 673 1270 696 a
1300 661 1598 698 Francorum
1634 675 1694 698 ex-

133 711 250 746 ercitu
282 711 458 755 potuisset
490 710 548 745 vel
581 709 706 746 videri.
758 709 878 744 Huius
913 709 1023 743 cladis
1056 709 1244 755 praesagia
1277 709 1415 744 credita
1448 713 1532 744 sunt
1565 711 1687 745 visaee

132 756 344 792 multotiesf
373 758 410 791 in
436 757 535 792 caelo
548 763 571 789 8
609 757 702 792 acies
737 759 774 791 et
807 756 867 791 1110
901 756 1070 791 terribilis
1105 759 1304 791 nocturnae
1317 755 1338 783 ¹1
1374 757 1631 792 coruscationis
1656 758 1694 791 111

131 817 216 841 aere
242 805 432 840 discursus.
480 803 627 839 Interea
651 802 823 849 Bulgarii
858 802 1005 838 sclavos
1030 803 1068 837 111
1091 802 1282 838 Pannonia
1306 804 1471 839 sedentes
1496 804 1604 839 misso
1629 816 1695 849 per

132 852 294 888 Dravum
331 851 449 886 navali
486 851 647 886 exercitu
683 850 780 885 ferro
819 853 855 885 et
891 849 1002 896 ignik
1038 853 1272 885 vastaverunt
1305 853 1341 885 et
1374 851 1529 895 expulsis
1567 863 1693 886 eorum

133 899 284 934 ducibus
308 897 543 944 Bulgaricosl
578 909 686 942 super
710 909 771 932 eos
795 900 955 932 rectores
980 897 1256 934 constituerunt.
1306 897 1469 942 Corpora
1502 899 1693 933 beatorum

131 957 266 993 Christi
290 959 503 1002 martyrum
519 956 725 992 Marcellini
749 959 786 991 et
802 955 904 991 Petri
931 967 1054 991 mense
1078 947 1123 989 N
1125 947 1356 990 Ovembrio
1370 948 1384 973 1
1408 957 1447 991 in
1463 956 1693 992 Franciamm

132 1015 155 1039 a
163 1005 177 1039 l
185 1005 259 1039 lata
273 1007 417 1097 Eligeni
426 1062 448 1085 o
481 1062 577 1095 papa
610 1050 655 1085 de
666 1049 714 1084 fu
724 1061 749 1084 11
759 1061 779 1085 0
789 1052 806 1084 0
815 1061 836 1085 ο
866 1050 1082 1085 Valentinus
1117 1050 1289 1085 diaconus
1323 1062 1338 1085 s
1350 1062 1375 1085 11
1384 1062 1404 1085 0
1415 1062 1435 1086 0
1445 1062 1465 1085 0
1476 1062 1491 1085 s
1502 1062 1518 1085 s
1529 1062 1541 1084 1
1551 1053 1586 1094 t
1621 1062 1692 1095 quo

131 1101 275 1144 postn
304 1109 483 1143 paucos
517 1098 620 1132 dies
645 1100 835 1132 mortuo
862 1096 1060 1143 Gregorius
1084 1098 1292 1142 presbyter
1315 1097 1412 1132 tituli
1436 1098 1551 1132 sancti
1575 1097 1693 1133 Marci

132 1145 486 1190 pontificatum
515 1145 745 1189 suscepit

274 1195 664 1238 DOCCXXVIII.
710 1195 976 1249 Reliquiae⁰
1000 1195 1148 1237 sancti
1164 1194 1426 1237 Marcellini
1446 1196 1686 1250 martyrisl’

133 1257 237 1310 post
275 1255 446 1310 pascha
486 1254 545 1296 ad
576 1254 721 1308 Aquis
761 1253 987 1308 palatium
1027 1253 1236 1296 delataeq
1278 1256 1353 1295 etr
1389 1267 1470 1308 per
1509 1267 1585 1296 eas
1626 1254 1691 1296 ibi

132 1313 281 1355 multa
311 1313 442 1367 signa
472 1313 599 1354 facta
629 1315 738 1354 sunt
750 1313 778 1352 ².

274 1367 445 1402 Hlothari
455 1379 478 1402 u
489 1379 504 1401 s
514 1374 529 1394 ³
540 1377 548 1385 ·
559 1367 573 1387 ³
597 1379 680 1402 cum
706 1367 867 1402 exercitu
883 1366 930 1401 ad
945 1378 1107 1402 marcam
1123 1366 1360 1411 Hispanicam
1371 1367 1384 1392 t
1418 1367 1469 1400 mi
1479 1378 1495 1401 s
1505 1378 1521 1400 s
1532 1379 1556 1401 u
1566 1378 1582 1401 s
1608 1378 1627 1402 e
1638 1370 1690 1412 st,
1706 1378 1741 1406 Α,
1750 1379 1840 1406 Laut,

131 1418 343 1460 similiter
363 1420 410 1460 et
426 1418 787 1462 Hludowjousu·
774 1418 951 1459 mvenis
973 1419 1134 1459 contra
1149 1417 1418 1471 Buigarosv·
1429 1417 1459 1456 4.
1497 1425 1691 1460 Foedusw

132 1483 233 1507 011111
267 1471 521 1507 Nordmannis
555 1472 739 1507 factum
771 1483 856 1516 per
888 1472 1256 1518 neglegentiam
1290 1474 1466 1517 ruptum
1498 1475 1534 1507 et
1566 1476 1692 1508 castra

130 1522 373 1554 nostrorum
399 1530 420 1553 a
443 1518 771 1554 Nordmannis
796 1519 965 1563 direpta
989 1521 1110 1555 sunt.

250 1576 603 1613 ‘DOCOXXVHIL
651 1577 752 1612 Ante
783 1577 918 1621 pascha
953 1570 1003 1611 in
1039 1569 1232 1612 sabbato
1249 1574 1270 1593 ¹
1312 1571 1500 1613 sanos-,05
1533 1583 1651 1615 terrae
1664 1588 1687 1614 y
1705 1590 1744 1618 ib.

130 1627 250 1659 motus
275 1627 386 1659 noctu
410 1624 650 1670 Aquisgrani
683 1624 811 1661 factus.
859 1623 1067 1669 Imperator
1089 1625 1297 1671 generalem
1323 1629 1559 1661 conventum
1565 1639 1691 1662 mense

130 1683 298 1729 Augusto
323 1682 553 1718 Wormaciae
564 1689 580 1709 Ζ
619 1683 691 1718 hab
703 1683 784 1719 uit.
854 1675 1083 1730 :Bulgal'ia
1128 1676 1322 1718 navibus
1363 1690 1445 1732 per
1477 1674 1690 1719 Dravum

129 1791 159 1820 a)
178 1790 327 1815 marcham
346 1790 373 1817 2.
477 1789 749 1830 11)-11111-100110110110
752 1797 800 1814 um
825 1790 850 1816 3.
950 1791 977 1820 c)
1002 1790 1070 1815 1110
1072 1790 1141 1815 101111
1167 1798 1243 1817 c.orr
1268 1791 1335 1816 inco
1338 1792 1410 1816 lumi
1435 1793 1464 1825 1;
1500 1793 1640 1817 1110011111ιί
1666 1793 1690 1819 2.

129 1823 161 1856 d)
180 1832 265 1851 cesar
282 1832 349 1857 a.ug
368 1826 393 1852 3.
456 1827 483 1855 e)
502 1825 567 1850 vise
586 1825 612 1852 3.
674 1825 698 1856 s)
717 1832 764 1850 mu
747 1825 834 1850 1110010
826 1832 889 1850 1011
909 1826 940 1856 1;
961 1825 1083 1850 1111110001
1074 1833 1138 1851 iens
1157 1826 1184 1853 2.
1237 1828 1301 1858 3)0
1285 1827 1350 1852 0010
1369 1813 1481 1857 3.1'1)
1500 1835 1538 1852 110
1541 1832 1590 1853 0110
1572 1835 1646 1853 mue
1665 1829 1690 1855 3

129 1861 151 1891 i)
170 1861 287 1892 uulgari
307 1860 375 1888 1.2.
462 1860 587 1901 1013110
601 1861 625 1887 1.
644 1860 669 1887 2.
754 1861 774 1891 1)
795 1861 883 1891 uulga
866 1861 928 1885 arie
931 1868 963 1886 os
983 1862 1007 1888 1.
1027 1861 1052 1887 2.
1140 1862 1179 1891 m)
1199 1861 1292 1887 franti
1281 1869 1341 1887 iam
1359 1862 1384 1889 3.
1471 1864 1502 1893 11)
1522 1867 1646 1895 111-101100
1665 1864 1690 1891 3.

129 1897 159 1926 ο)
177 1896 243 1921 Reli
234 1903 296 1928 iqui
299 1903 315 1921 e
334 1896 358 1922 3.
422 1897 452 1927 p)
473 1895 561 1921 marti
551 1895 603 1920 iris
624 1897 648 1923 1.
711 1898 742 1927 q)
763 1894 862 1921 delate
881 1896 906 1921 3.
967 1898 992 1926 r)
1011 1899 1042 1921 00
1060 1896 1134 1920 deest
1153 1896 1178 1923 2.
1233 1899 1258 1927 s)
1278 1897 1446 1923 hlutharius
1466 1898 1491 1925 3.
1548 1900 1570 1928 t)
1590 1899 1635 1923 his
1621 1906 1690 1930 s-pa

128 1931 209 1956 niam
228 1931 254 1958 2.
334 1933 364 1961 u)
385 1929 571 1956 hludawicus
590 1932 615 1957 3.
696 1932 727 1962 v)
746 1931 885 1962 uulgares
905 1932 937 1962 1;
963 1931 1101 1963 vulgaros
1121 1931 1146 1958 2.
1228 1934 1267 1963 w)
1286 1931 1371 1958 fedus
1391 1933 1417 1960 3.
1489 1935 1520 1964 x)
1540 1934 1644 1959 sabato
1664 1934 1689 1961 3.

128 1968 160 1999 y)
180 1971 259 1992 terre
278 1967 303 1993 3.
376 1968 402 1996 z)
422 1967 581 1991 wormacie
600 1967 624 1993 1.
643 1966 668 1993 3.
741 1968 770 1997 a)
789 1966 913 1998 Vulgari
933 1968 957 1993 1.
977 1967 1003 1994 2.

130 2048 165 2091 1)
189 2047 361 2082 Octobrio
394 2049 488 2083 Ann.
514 2048 648 2088 Laur.,·
681 2049 869 2082 secundum
904 2048 1187 2083 Translationem
1219 2049 1427 2083 Marcellini
1454 2055 1486 2084 et
1516 2051 1616 2084 Petri
1644 2051 1690 2084 ab

128 2095 320 2128 Einhardo
343 2097 575 2139 conscriptam
600 2095 683 2138 (SS.
707 2096 791 2138 XV,
814 2107 852 2140 p.
877 2096 1077 2131 238—264.
1102 2097 1155 2132 ed.
1179 2097 1313 2139 Waitz)
1345 2097 1375 2140 I,
1404 2099 1424 2133 7
1442 2108 1491 2141 sq.
1517 2098 1690 2141 reliquiae

126 2147 330 2176 sanctorum
354 2147 450 2176 sea-to
473 2143 540 2185 die,
562 2147 749 2186 postquam
766 2143 884 2187 Papia
907 2143 1048 2177 eductae
1071 2147 1186 2186 erant,
1212 2144 1262 2176 ad
1285 2148 1445 2178 sanctum
1469 2145 1690 2178 Mam-icium

125 2190 364 2230 adveneram,-
398 2190 478 2223 inde
513 2190 739 2223 ‘Salodurum
772 2190 1073 2235 Burqundionum
1106 2191 1288 2235 oppidum'
1321 2191 1568 2234 (Solothurn),
1608 2193 1690 2226 inde

128 2237 418 2279 Aryentoratum,
445 2237 526 2271 inde
550 2236 859 2270 Michilinstadum
883 2237 1083 2271 translatae
1107 2242 1200 2280 sunt,
1219 2238 1319 2272 ‘unde
1344 2239 1386 2272 X
1387 2239 1448 2274 VI.
1471 2239 1558 2273 Kal.
1585 2239 1688 2275 Febr.

125 2284 223 2328 (828)
247 2284 520 2318 Mulinheimum
544 2284 814 2327 (Seliqenstadt)
834 2289 1078 2328 pervenerunt.
1128 2285 1226 2318 Haec
1250 2286 1344 2319 inter
1360 2286 1520 2320 Annales
1535 2286 1689 2320 Lauria-

126 2341 240 2365 senaes
262 2336 294 2364 et
318 2336 456 2365 nostros
478 2331 720 2375 discrepantia
743 2331 850 2373 facile
874 2331 1025 2365 solvitur
1047 2342 1087 2365 ea
1109 2343 1159 2375 re,
1186 2333 1278 2376 quod
1293 2333 1397 2366 verba
1425 2334 1475 2366 ‘in
1491 2334 1688 2366 Franciam

126 2378 244 2411 allata
278 2379 374 2412 eunt’
407 2380 447 2411 in
479 2379 602 2412 vam'as
632 2379 822 2412 sententias
857 2379 1011 2422 accipere
1045 2379 1142 2413 licet:
1181 2380 1333 2421 fortasse
1368 2380 1541 2424 reliquiae
1577 2391 1689 2414 mense

129 2425 269 2459 Octobri
284 2426 487 2467 Ayaunum,
515 2425 702 2459 Novembri
717 2425 1027 2460 Miehilinstadum
1051 2430 1261 2470 apportatae
1284 2431 1378 2463 sunt.
1427 2427 1482 2469 Cf.
1501 2428 1552 2463 W.
1572 2428 1688 2461 Gieae-

127 2472 255 2514 brecht,
293 2472 434 2507 ‘Jahrb.
468 2473 503 2507 d.
537 2472 620 2507 hist.
655 2472 709 2508 Cl.
742 2473 778 2508 d.
812 2473 958 2515 Kffm'yl.
994 2473 1114 2509 Akad.
1145 2474 1181 2508 d.
1215 2474 1343 2516 mse),
1379 2474 1554 2508 Mum-hen
1581 2476 1684 2517 1865,

123 2530 162 2563 p.
188 2520 258 2554 229
282 2530 372 2562 899..
369 2531 377 2538 ·
402 2519 510 2561 Jaffe‘,
538 2519 631 2555 Bibl.
658 2519 724 2562 IV,
747 2531 785 2564 p.
810 2521 892 2555 498.
988 2520 1025 2563 2)
1049 2520 1143 2554 Pars
1166 2521 1295 2555 scilicet
1318 2521 1558 2564 reliquiarum
1584 2522 1687 2554 Mar-

124 2566 257 2608 cellini,
283 2577 390 2609 quam
414 2566 609 2600 Hildoinus
631 2566 740 2600 abbas
764 2568 893 2600 iniuste
916 2567 987 2600 sibi
1009 2568 1216 2610 retinuerat,
1248 2572 1402 2602 monente
1426 2568 1563 2601 Einhm
1565 2569 1617 2602 ·do
1641 2569 1688 2602 ab

126 2613 192 2646 illo
218 2618 298 2657 post
319 2613 455 2657 pascha
479 2623 514 2648 a.
536 2614 618 2649 828.
643 2614 768 2657 Aquas
790 2614 909 2647 delata
933 2618 964 2647 et
988 2615 1070 2647 inde
1102 2615 1215 2648 eodem
1248 2625 1343 2651 mmo
1375 2615 1522 2648 deducta
1549 2615 1688 2648 Mulin-

126 2659 236 2694 heimi
267 2671 344 2693 cum
377 2661 498 2693 ceteris
529 2661 713 2694 coniuncta
746 2665 817 2705 asi,-
850 2662 896 2703 cf.
927 2661 1069 2696 Transl.
1096 2661 1148 2704 II,
1181 2664 1204 2697 3
1228 2671 1324 2705 399.,·
1359 2662 1576 2696 Giesebreeht
1611 2662 1634 2698 l.
1662 2662 1686 2698 l.

125 2707 164 2750 3)
187 2707 309 2740 Etiam
334 2708 373 2740 in
398 2707 459 2741 hoc
482 2717 577 2740 anno
600 2711 632 2740 et
655 2717 702 2749 eo,
729 2708 792 2750 qui
814 2709 984 2751 sequitur,
1017 2709 1215 2752 compluria
1243 2719 1322 2742 cum
1348 2709 1442 2744 Ann.
1468 2709 1582 2744 Laur.
1607 2719 1687 2743 con-

126 2759 284 2796 qruunt:
309 2758 424 2788 tamen
448 2754 569 2787 dubito
592 2764 641 2787 an
666 2754 899 2787 Fuldensium
923 2759 1048 2788 auctor
1072 2755 1154 2788 hinc
1178 2765 1248 2789 non
1273 2757 1363 2799 ipsis
1379 2755 1684 2798 Laurissensibus,

127 2801 187 2834 aed
203 2801 419 2835 brevioribus
434 2802 547 2834 solum
564 2801 641 2834 illis
655 2801 861 2843 annalibus,
887 2812 974 2844 quos
990 2802 1184 2835 Blandinii
1197 2807 1293 2836 ortos
1312 2813 1382 2837 esee
1397 2813 1511 2847 supra
1528 2806 1579 2846 (a.
1596 2804 1686 2844 817)

127 2849 301 2891 suspicati
323 2859 456 2891 sumus,
490 2859 577 2882 usus
600 2849 657 2884 sit.
781 2848 818 2891 4)
842 2848 894 2882 De
918 2848 984 2882 hac
1007 2849 1224 2892 expeditione
1253 2850 1299 2891 cf.
1325 2850 1522 2891 Dammler,
1551 2850 1685 2885 ‘Ge-ach.

125 2895 164 2974 g]
187 2895 482 2975 l(³)str'ranleiacllzaen
507 2895 663 2929 Rea‘ches'
689 2894 734 2937 ²I,
758 2907 794 2939 p.
821 2896 866 2930 37
883 2906 933 2939 89.
1045 2896 1082 2939 5)
1104 2895 1228 2939 paucis
1254 2898 1337 2930 ante
1362 2900 1527 2931 sanctum
1552 2896 1687 2941 pascha

156 2940 185 2975 ‘e
213 2952 253 2975 us
279 2943 372 2978 Ann.
456 2953 512 2978 ur.
