2020 3358
0 446 5 461 ἱ
42 454 86 488 ⁸9.
97 455 158 482 346.

517 325 756 362 AUCTORE
780 325 1061 365 EINHARDO.
1110 327 1157 362 A.
1177 330 1374 366 739—751.
1705 333 1728 368 5

291 443 306 459 *
313 442 525 479 DCCXLV.
573 442 844 478 Karlomannus
852 449 872 470 a
902 445 939 478 et
962 442 1165 488 Pippinusb
1197 444 1304 478 simul
1329 443 1515 480 Saxonum
1538 445 1729 491 perfidiam
1742 454 1777 481 A.
1787 453 1863 482 sith.

170 492 310 525 vastata
335 501 461 525 eorum
486 490 636 535 regione
661 490 885 524 ulciscuntur
909 493 946 526 et
957 490 970 510 ²
995 493 1153 525 castrum
1180 490 1372 536 Ohseburg
1396 492 1477 536 capi
1486 503 1510 526 u
1520 504 1545 527 n
1554 495 1581 529 t.
1740 499 1810 528 chr.
1819 501 1853 528 L.
1862 500 1903 533 Π,
1914 501 1940 528 4.

311 535 544 572 DCCXLVI.
593 536 864 572 Karlomannus
872 543 892 564 a
915 537 1139 572 Alamannos
1163 537 1296 572 iterum
1322 549 1378 572 res
1403 549 1514 573 novas
1538 539 1728 575 molientes
1741 546 1777 574 A.
1787 546 1863 574 sith.

170 583 351 618 nonnullis
369 594 495 619 eorum
511 583 710 619 interfectis
729 584 961 629 compescuit.
1063 583 1272 619 Bonifacius
1284 584 1298 603 ²
1323 595 1344 619 a
1353 596 1372 619 r
1382 596 1402 620 c
1411 584 1436 619 h
1446 584 1458 618 i
1469 596 1489 620 e
1498 585 1571 629 pis
1583 596 1602 620 c
1613 597 1634 620 o
1643 597 1667 630 p
1678 598 1702 620 u
1712 597 1728 621 s

171 642 270 666 cum
295 631 596 666 auctoritate
621 630 745 666 sedis
771 630 1073 676 apostolicae
1099 634 1281 666 annuente
1302 630 1597 666 Karlomannoe
1622 631 1728 667 duas
1740 638 1954 673 (chr.1..n‚5).

170 677 255 713 sede
265 689 280 712 s
306 677 508 722 episcopale
519 689 535 712 s
561 678 718 712 constitu
728 677 740 711 i
750 680 766 712 t
777 703 786 720 ‚
821 689 844 712 ιι
855 689 879 711 ιι
889 689 910 712 a
919 689 956 712 m
981 678 1019 711 in
1044 681 1161 712 castro
1187 677 1407 724 Wirziburg,
1440 690 1464 712 u
1473 678 1520 713 bi
1544 678 1727 724 Burghar-
1740 685 1791 718 (ib.
1802 685 1838 717 6).

169 723 281 762 tumd
312 725 497 769 collegam
522 736 652 759 suum
678 724 884 759 ordinavit
909 725 1171 770 episcopume,
1197 725 1397 760 alteram
1422 724 1470 759 in
1493 725 1621 769 loco,
1649 726 1729 770 qui

169 783 222 807 vo
233 775 368 807 catur
391 771 496 806 Eihst
506 775 544 806 at
554 771 586 816 f,
612 783 631 806 c
642 772 689 806 ui
713 771 944 806 Willibaldus
970 771 1159 816 episcopus
1184 771 1325 806 ordin
1336 774 1441 806 atus
1467 783 1486 806 e
1497 774 1547 808 st.

311 818 565 855 DOOXLVII.
602 818 871 853 Karlomannus
880 825 900 845 a
919 819 1056 862 relicta,
1074 830 1183 863 quam
1199 819 1359 862 tenebat,
1375 821 1555 863 potestate
1571 818 1729 854 Romam
1742 825 1778 853 A.
1788 825 1863 854 sith.

170 866 269 900 vadit
292 866 414 910 ibique
439 868 579 901 mutato
603 866 731 901 habitu
755 866 921 912 religiose
938 866 1098 900 victurus
1123 866 1160 900 in
1178 865 1348 900 Casinum
1368 865 1414 900 ad
1430 868 1596 901 sanctum
1612 865 1729 901 Bene-

170 913 308 948 dictum
333 913 494 948 secedit
518 912 580 948 et²³
603 913 802 948 monachus
828 912 995 948 efficitur.
1742 918 1941 951 chr.1..11‚7.

310 959 585 995 DCCXLVIII.
641 959 781 1004 Gripho
812 960 925 995 frater
954 959 1196 994 Karlomanni
1209 966 1229 985 a
1266 962 1303 994 et
1332 959 1481 1004 Pippini
1510 961 1729 1013 potestatem
1742 965 1778 993 A.
1788 965 1864 993 sith.

170 1007 351 1051 quandam
369 1007 540 1042 affectans
566 1007 613 1042 ad
630 1006 791 1042 Saxones
814 1019 852 1042 se
875 1007 1039 1043 contulit.
1159 1006 1294 1080 Ριρξιιι
1305 1018 1375 1088 oinv
1385 1017 1478 1098 ΐοιὲὲ,
1489 1006 1730 1098 ΡξζίΤὲιίιὲἷΞ
1742 1001 1821 1064 CIR
1821 1001 1905 1064 {31¹⁷

197 1054 266 1088 'am
278 1060 300 1087 g
328 1055 449 1099 ingres
460 1066 476 1088 s
487 1066 508 1089 o
538 1053 734 1089 saxoniam
763 1065 871 1099 super
899 1054 1050 1088 fluvium
1076 1053 1219 1089 Obacra

170 1066 383 1145 fficroheim,
401 1101 562 1136 Saxones
585 1113 606 1136 o
614 1113 634 1136 c
643 1113 662 1137 c
671 1113 694 1136 u
701 1113 745 1136 rr
752 1112 772 1136 e
780 1104 826 1136 nt
834 1113 853 1136 e
861 1113 877 1136 s
895 1101 1121 1146 Griphonem
1142 1112 1225 1136 cum
1244 1112 1263 1136 e
1271 1112 1292 1135 o
1309 1100 1501 1145 pacificare
1519 1100 1667 1145 cupient
1674 1112 1693 1135 e
1701 1112 1728 1137 s.
1742 1107 1781 1135 ib.
1791 1108 1817 1135 9.

171 1147 310 1193 Gripho
335 1151 413 1182 aut
423 1159 442 1183 e
452 1160 490 1182 m
512 1161 538 1183 n
548 1160 567 1183 e
577 1160 596 1183 c
614 1147 818 1183 Saxonibus
842 1159 888 1183 ne
899 1160 919 1183 c
935 1148 1085 1183 Francis
1102 1159 1140 1182 se
1158 1148 1308 1183 credens
1325 1148 1385 1182 in⁵
1401 1147 1607 1182 Baioariam
1624 1147 1728 1194 fugit.
1741 1153 1789 1186 (A
1796 1154 1954 1188 Mett.⁷4⁹).

311 1195 606 1230 DCCXLVIIH.
656 1195 832 1240 Pippinus
844 1194 864 1221 b
901 1195 939 1229 in
970 1195 1175 1230 Baioariam
1205 1206 1361 1241 pergens
1393 1194 1616 1230 Tassilonem
1648 1206 1673 1229 n
1685 1206 1705 1230 e
1715 1215 1728 1220 -
1742 1188 1812 1250 Ἓξ·
1821 1189 1905 1251 1..911‚

172 1252 227 1286 po
239 1245 331 1276 tem
342 1242 356 1260 ⁶
387 1253 402 1277 s
413 1254 516 1276 uum
547 1245 703 1277 natum
735 1253 787 1277 ex
811 1242 983 1277 Hiltrude
994 1241 1007 1268 i
1041 1253 1164 1277 sorore
1195 1253 1210 1276 s
1221 1254 1246 1276 u
1257 1253 1277 1276 a
1307 1241 1439 1276 ducem
1466 1242 1519 1276 ibi
1543 1242 1731 1277 constituit
1799 1245 1806 1253 '
1817 1227 1848 1251 εἴ
1875 1245 1883 1254 ”

172 1287 359 1333 Griphone
384 1292 421 1324 et
445 1289 636 1324 Lantfrido
661 1289 747 1324 inde
772 1289 928 1324 eductis
939 1288 972 1326 *.

311 1335 449 1372 DOCL.
498 1335 579 1381 Pip
586 1337 660 1381 pin
668 1348 691 1370 u
699 1348 715 1371 s
732 1335 913 1381 Griphoni
934 1336 972 1370 in
988 1335 1152 1380 partibus
1170 1335 1382 1370 Niustriaek
1403 1334 1596 1370 duodecim
1618 1335 1729 1370 comi·
1742 1341 1782 1370 ib.
1793 1342 1835 1369 11.

170 1381 288 1416 tatusl
323 1382 434 1426 dedit,
468 1383 547 1418 sed
572 1383 657 1418 ille
686 1394 754 1418 nec
778 1383 829 1418 ibi
853 1394 891 1418 se
915 1385 1072 1417 tutum
1098 1394 1199 1417 esse
1224 1384 1357 1417 ratus
1383 1382 1429 1416 ad
1453 1381 1729 1417 Weifariumm

169 1428 299 1463 ducem
324 1429 571 1472 Aquitaniaen
601 1441 616 1463 s
627 1441 646 1464 e
655 1441 675 1464 c
685 1441 705 1464 e
715 1441 731 1464 s
742 1429 816 1465 sit.

310 1475 468 1510 DCCLI.
506 1475 683 1520 Pippinus
695 1477 786 1510 miss
794 1487 815 1510 a
828 1475 985 1510 Romam
997 1476 1136 1521 legatio
1144 1487 1169 1510 n
1177 1486 1197 1510 e
1213 1475 1427 1510 Zachariam
1440 1486 1573 1520 papam
1581 1481 1599 1502 ⁰
1618 1475 1728 1511 inter-
1742 1483 1782 1511 ib.
1793 1483 1836 1511 12.

168 1524 271 1566 rogat
298 1522 342 1557 de
368 1522 512 1568 regibus
529 1522 754 1557 Francorum
780 1534 825 1557 ex
849 1534 870 1557 a
879 1535 905 1556 n
914 1525 930 1557 t
939 1523 952 1556 i
962 1535 985 1567 q
995 1535 1019 1557 u
1029 1534 1049 1557 a
1066 1522 1343 1567 Meroingorum
1355 1522 1366 1541 ⁷
1392 1522 1503 1567 stirpe
1529 1522 1553 1557 d
1562 1533 1582 1557 e
1593 1533 1609 1556 s
1620 1534 1640 1557 c
1650 1534 1670 1557 e
1679 1535 1704 1557 n
1715 1543 1729 1549 -

169 1568 192 1602 d
204 1569 338 1604 entib
350 1581 373 1603 u
385 1581 401 1602 s
417 1576 454 1613 Ὡς
489 1569 568 1613 qui
592 1581 696 1615 reges
722 1569 911 1613 quidem
937 1569 1196 1614 dicebantur,
1222 1569 1285 1604 sed
1309 1572 1474 1614 potestas
1498 1570 1610 1616 regni
1634 1572 1729 1604 tota

169 1626 189 1649 a
198 1627 222 1660 p
233 1627 256 1649 u
267 1615 291 1650 d
321 1616 465 1651 maiore
475 1628 512 1650 m
539 1615 666 1651 domus
694 1617 907 1661 habebatur,
943 1627 962 1651 e
974 1629 998 1650 x
1008 1628 1027 1651 c
1038 1627 1058 1651 e
1067 1628 1091 1661 p
1101 1619 1117 1650 t
1127 1627 1148 1651 o
1182 1616 1280 1660 quod
1308 1616 1454 1651 chartae
1480 1619 1517 1652 et
1540 1617 1729 1662 privilegia

167 1663 298 1707 regis
322 1663 468 1698 nomine
494 1663 764 1707 scribebantur3
800 1664 869 1699 et⁸
894 1675 915 1698 a
926 1663 950 1698 d
974 1663 1131 1698 Martissl
1162 1675 1361 1708 campum,
1387 1664 1467 1708 qui
1491 1675 1573 1699 rex
1598 1663 1674 1699 dic
1685 1676 1704 1699 e
1715 1684 1728 1690 ·

321 1779 356 1824 *)
379 1781 424 1814 In
449 1783 611 1824 marqz'ne
634 1782 706 1817 cod.
724 1783 757 1818 3.
782 1782 866 1817 add.
891 1793 987 1818 man.
1013 1793 1041 1817 s.
1060 1782 1193 1817 XIII.:
1219 1781 1356 1816 Tassilo
1382 1781 1456 1815 dux
1482 1780 1728 1816 Chiemsinum

379 1831 415 1862 et
440 1827 574 1863 Porich
598 1828 763 1863 fundavit
788 1830 825 1863 et
848 1827 1156 1864 Phaffimuenster
1178 1839 1294 1874 prope
1319 1827 1522 1865 Genabum.

167 1946 196 1974 a)
215 1944 321 1972 Carlm.
341 1946 366 1972 3.
438 1945 468 1978 b)
487 1946 613 1977 Pipinus
633 1947 658 1973 3.
731 1948 758 1977 c)
777 1946 897 1973 carlom.
912 1948 940 1978 1:
960 1947 1060 1974 carim.
1079 1947 1104 1974 3.
1172 1945 1203 1977 d)
1221 1946 1415 1972 burchartum
1437 1947 1460 1974 1.
1473 1947 1499 1974 2.
1563 1948 1591 1977 e)
1610 1947 1684 1972 deest
1703 1947 1728 1974 2.

167 1980 190 2012 s)
209 1981 337 2005 eichstat
355 1981 380 2007 2.
453 1983 482 2012 g)
502 1981 690 2013 thuringeam
709 1982 734 2008 3.
806 1982 837 2013 h)
857 1982 982 2007 obarcra
1001 1982 1025 2009 2.
1101 1982 1122 2012 i)
1142 1980 1274 2007 hiltruda
1294 1983 1318 2008 1.
1338 1982 1363 2009 2.
1437 1982 1467 2012 k)
1488 1982 1639 2007 neustriae
1660 1984 1683 2009 1.
1703 1983 1728 2009 2.

168 2016 187 2045 Ι)
208 2016 395 2041 commitatus
414 2016 439 2042 2.
521 2016 561 2049 m)
579 2017 788 2048 uueipharium
809 2018 832 2044 1.
853 2018 878 2044 2.
960 2019 991 2048 n)
1011 2017 1183 2050 equitaniae
1202 2017 1227 2044 2.
1306 2016 1335 2050 o)
1354 2019 1432 2049 pape
1451 2018 1476 2044 3.
1554 2017 1586 2051 p)
1605 2016 1728 2043 descen-

168 2049 300 2075 dentium
321 2051 401 2078 codd.
474 2053 504 2083 q)
525 2056 556 2077 et
574 2053 676 2077 martis
696 2053 721 2079 3.

168 2156 201 2198 1)
225 2157 262 2189 et
286 2157 443 2189 castrum
469 2155 662 2201 Ohseburg
687 2156 785 2201 capit
818 2157 949 2194 chron.
973 2158 1089 2194 Laur.
1209 2158 1246 2202 2)
1276 2157 1485 2193 Bonifacius
1520 2179 1565 2184 —
1599 2161 1653 2194 est
1685 2171 1729 2194 ea·

165 2203 279 2236 eodem
303 2204 458 2237 videlicet
482 2205 588 2247 fante,
614 2205 706 2238 unde
730 2215 788 2238 ree
811 2206 852 2238 de
876 2206 940 2238 illo
964 2216 998 2240 a.
1019 2207 1098 2241 717.
1117 2207 1197 2241 719.
1221 2207 1300 2241 754.
1326 2207 1460 2240 relatae
1479 2207 1610 2250 petitae
1634 2212 1727 2242 sant.

167 2249 326 2291 Quarum
351 2251 480 2284 ultima
506 2253 606 2294 oriqo
631 2253 670 2284 in
690 2252 892 2285 Willibaldi
908 2253 991 2286 Vita
1008 2253 1193 2294 Bonifacii
1215 2253 1285 2296 (ed.
1303 2253 1418 2296 Pertz‚
1445 2253 1510 2288 SS.
1527 2254 1580 2296 II,
1602 2265 1640 2298 p.
1658 2256 1725 2289 331

167 2298 305 2338 —353,·
341 2297 450 2340 Jaffe,
483 2299 576 2334 Bibl.
611 2298 685 2342 III,
718 2311 755 2343 p.
781 2300 1006 2342 422—471)
1040 2301 1240 2340 immitam
1274 2301 1333 2334 sed
1365 2311 1406 2334 ea
1439 2302 1520 2345 ipsa
1553 2305 1728 2334 auctorem

164 2347 326 2377 nostrum
342 2355 446 2378 usam
461 2355 532 2379 mm
548 2356 619 2379 esse
634 2350 899 2380 consentaneum
915 2351 975 2390 est,
998 2351 1187 2391 propterea
1211 2348 1304 2391 quod
1328 2358 1362 2383 a.
1382 2349 1462 2384 717.
1487 2352 1519 2381 et
1545 2349 1624 2384 719.
1650 2359 1728 2381 cum

167 2391 261 2426 Anu.
287 2391 395 2434 Meti„
429 2403 464 2427 a.
491 2393 570 2428 754.
605 2403 683 2426 cum
709 2393 841 2429 Chron.
866 2394 982 2429 Laur.
1015 2394 1064 2427 ad
1095 2395 1236 2428 verbum
1268 2396 1445 2436 convenit,·
1477 2406 1521 2429 ex
1551 2405 1619 2438 quo
1649 2406 1728 2429 con-

167 2438 324 2479 sequitur
348 2438 431 2472 haec
455 2441 574 2473 omnia
598 2440 803 2474 Annalibus
826 2441 904 2474 illis
927 2442 1072 2475 amissis
1095 2452 1166 2476 esse
1190 2442 1389 2477 tribuenda.
1500 2442 1537 2485 3)
1568 2444 1605 2476 et
1629 2453 1726 2478 mon.

169 2481 235 2535 eff..
261 2494 304 2517 ex
338 2484 468 2518 chron.
502 2486 617 2522 Laur.
736 2487 773 2531 4)
804 2486 978 2522 Hobacar
1013 2488 1142 2524 Chron.
1168 2489 1307 2530 Laur.,·
1341 2487 1484 2523 Obacra
1508 2490 1604 2524 Arm.
1630 2490 1727 2525 Mea.

168 2529 203 2572 5)
226 2540 263 2562 ιιι
288 2528 492 2565 Baioariam
525 2532 687 2578 confugit
720 2535 816 2570 Arm.
842 2535 938 2570 Mea.
1071 2536 1108 2579 6)
1139 2534 1350 2570 Hiltrudem
1384 2546 1546 2570 sororem
1579 2534 1727 2580 Pippini

167 2586 249 2609 cum
269 2575 453 2612 Tassilone
478 2577 551 2613 filio
574 2580 724 2624 parvulo
751 2581 881 2617 Chron.
901 2582 1016 2618 Laur.
1035 2582 1088 2626 II,
1111 2594 1148 2626 p.
1167 2584 1200 2618 9.
1299 2583 1333 2626 7)
1349 2583 1459 2618 Etnh.
1476 2583 1558 2616 Vita
1575 2583 1669 2619 Kar.
1689 2585 1726 2619 1:

167 2621 265 2675 Gens
282 2621 557 2676 Meroingorum
576 2651 583 2659 .
603 2654 612 2662 .
630 2654 638 2662 .
664 2627 728 2661 sed
752 2638 838 2672 opes
864 2630 901 2663 et
924 2628 1089 2673 potentia
1114 2628 1217 2674 regni
1229 2626 1353 2673 'penes
1370 2629 1496 2673 palatii
1511 2628 1726 2674 praefectos,

166 2680 228 2712 qui
244 2681 399 2706 maiores
416 2671 544 2706 domus
562 2672 786 2718 dicebantur,
811 2675 1041 2712 tenebantur.
1090 2677 1258 2710 Fortasse
1274 2676 1358 2710 haec
1375 2677 1494 2711 omnia
1511 2687 1555 2711 ex
1570 2678 1726 2710 Annali-

166 2716 229 2750 bus
264 2718 342 2751 illis
377 2720 522 2753 amissis
557 2723 733 2754 cmnmuni
769 2722 939 2756 Chronici
974 2723 1089 2759 Laur.
1126 2727 1158 2757 et
1198 2724 1298 2757 Vitae
1333 2724 1428 2765 fonte
1463 2723 1596 2758 hausta
1632 2729 1724 2758 sant.

163 2764 200 2806 8)
227 2764 382 2798 Ibidem:
406 2764 645 2810 Quocumque
665 2767 825 2802 eundum
842 2771 931 2814 erat,
957 2772 1130 2814 carpento
1155 2770 1242 2813 ibat,
1268 2769 1367 2814 quod
1390 2770 1508 2806 bubus
1533 2769 1664 2805 iunctis
1690 2773 1727 2805 et

163 2810 321 2864 bubulco
346 2812 481 2846 rustico
506 2823 608 2847 more
631 2817 762 2859 agente
784 2815 1006 2852 trahebatur.
1056 2815 1118 2851 Sic
1135 2816 1182 2851 ad
1198 2816 1384 2861 palatium,
1409 2817 1460 2852 sic
1477 2817 1522 2852 ad
1539 2817 1725 2862 publicum

163 2858 288 2910 populi
313 2858 368 2892 sui
392 2862 624 2903 conventum,
653 2860 715 2905 qui
741 2862 927 2896 annuatim
953 2863 1000 2897 ob
1025 2863 1129 2908 regni
1154 2863 1348 2899 utilitatem
1374 2864 1636 2907 celebrabatur,
1661 2865 1725 2907 ire,

163 2914 213 2939 sic
239 2904 387 2939 domum
412 2905 531 2941 redire
556 2907 706 2944 solebat.
754 2908 808 2943 At
832 2909 935 2955 regni
961 2909 1311 2946 administrationem
1336 2913 1374 2947 et
1398 2911 1531 2956 omnia,
1557 2923 1649 2956 quae
1668 2912 1725 2946 vel

164 2950 261 2985 domi
285 2952 342 2986 vel
367 2951 454 2987 foris
479 2954 620 2999 agenda
645 2965 687 2990 ac
712 2954 938 3000 disponenda
971 2959 1085 3002 erant,
1119 2957 1324 3002 praefectus
1359 2959 1462 2994 aulae
1494 2959 1726 3003 procurabat.
