2020 3358
267 555 367 586 (Mai.)-

266 1081 366 1112 (Mai),

267 1606 364 1639 (Iun).

308 1958 363 1985 Iul.

381 304 450 340 126
837 301 1115 339 ANNALIUM
1139 301 1472 340 FULDRNSIUM

381 423 588 478 deposita
632 423 682 464 in
727 422 939 465 Baioaria
990 424 1187 478 quadam
1236 423 1389 466 insula
1433 424 1601 479 palude
1650 423 1931 467 Ohiemicse¹

378 482 616 523 nominata
644 481 822 523 inclusa
852 483 935 524 est.

522 538 909 582 Convenientibus
953 540 1109 594 itaque
1123 540 1139 566 2
1180 517 1240 582 ¹de
1284 542 1385 582 toto
1430 539 1731 582 Hlotharicoa
1774 553 1930 594 regno,
2003 566 2007 567 ν

380 597 593 648 Saxonia‚
636 597 847 640 Baioaria
886 600 934 640 et
972 598 1248 640 Alamannia
1286 599 1335 639 in
1374 598 1568 640 Francia.
1606 599 1698 640 XX
1737 601 1785 641 et
1826 594 1925 641 VIb

379 657 613 712 episcopis,
646 658 774 698 curte
805 656 1016 698 Triburia
1044 670 1239 711 magnus
1270 657 1468 711 synodus
1499 656 1769 707 habebatur,
1808 670 1931 712 prae-

378 715 633 757 sidentibus
676 714 851 757 scilicet
890 715 1268 770 metropolitanis,
1310 715 1564 756 Haddonec
1601 711 1927 770 Magontinaed
1991 742 1994 743 ν

377 773 502 815 urbis
524 773 874 828 archiepiscopo,
898 772 1207 815 Herimanno⁶
1235 773 1451 815 Coloniae
1472 769 1781 828 Agrippinae?
1805 773 1931 816 urbis

379 831 734 886 archiepiscopo,
786 831 1000 874 Ratbodo
1049 831 1314 874 Treverensi
1365 832 1725 886 archiepiscopo;
1784 831 1932 876 multa
1996 844 2002 891 '.

379 890 563 944 quidem
607 903 690 945 pro
728 889 934 932 utilitate
975 890 1250 933 christianae
1294 890 1528 945 religionis
1570 892 1824 932 tractantes
1863 903 1932 933 ea-

379 949 571 1002 demque
611 950 786 990 statuta
799 952 822 978 8
864 949 1082 990 memoria
1125 949 1417 991 retinendum
1462 949 1795 991 successoribus
1839 949 1931 991 suis
1995 994 1998 996 ,

378 1007 571 1061 propriis
603 1007 815 1061 capitulis
847 1007 1017 1062 scripta
1047 1008 1494 1049 commendaverunt.

517 1065 691 1119 Regale
732 1065 943 1119 equidem
980 1065 1203 1119 placitum
1232 1060 1526 1107 Worma-ciah
1570 1065 1782 1107 habitum
1821 1068 1892 1108 est
1900 1065 1930 1106 ⁸.

378 1122 452 1164 Ibi
485 1121 584 1165 Odo
623 1136 702 1165 rex
734 1122 914 1165 Galliae
954 1124 1012 1165 ad
1052 1123 1325 1166 fidelitatem
1362 1124 1483 1178 regis
1524 1137 1627 1165 cum
1666 1124 1931 1166 muneribus

377 1181 562 1223 veniens
603 1181 660 1223 ab
698 1195 751 1223 eo
788 1182 1036 1223 honorifice
1077 1184 1312 1236 susceptus
1344 1184 1391 1224 et
1421 1183 1525 1236 post
1555 1195 1724 1237 paucos
1755 1182 1852 1224 dies
1882 1183 1933 1224 in

378 1253 471 1290 sua,
504 1242 640 1295 prout
659 1242 861 1290 venerat,
893 1240 1111 1294 placabili
1141 1235 1352 1282 licentiai
1382 1253 1588 1282 reversus
1610 1243 1692 1282 est.
1745 1240 1932 1283 Zwenti-

378 1295 575 1340 baldusk
611 1311 718 1352 ergo
749 1298 871 1340 filius
910 1299 1030 1352 regis
1069 1298 1267 1340 infulam
1302 1299 1432 1353 regni
1463 1313 1491 1340 a
1520 1301 1650 1354 patre
1681 1299 1932 1354 suscipiens
2000 1310 2005 1347 ᾗ

377 1358 426 1398 in
456 1357 727 1411 Burgundia
758 1359 805 1399 et
835 1358 959 1399 omni
990 1353 1287 1399 Hlotharicol
1326 1370 1468 1411 regno
1502 1358 1699 1413 receptis
1729 1358 1932 1400 eiusdem

377 1416 505 1470 regni
536 1415 809 1470 primoribus
839 1429 919 1458 rex
950 1418 1129 1458 creatus
1162 1418 1244 1458 est.

499 1471 611 1516 *Per
650 1475 772 1516 idem
809 1476 990 1529 tempus
1030 1475 1186 1529 magni
1223 1477 1372 1516 terrae
1411 1477 1562 1517 motus
1602 1475 1651 1516 in
1681 1474 1931 1529 plurimism
1944 1489 1960 1505 ⁸

377 1533 488 1575 locis
519 1532 874 1575 occidentalium
904 1533 1183 1575 Francorum
1212 1533 1298 1575 visi
1329 1535 1451 1574 sunt.

517 1591 745 1646 Legatos4
766 1590 1090 1633 Obodritorum
1123 1594 1249 1634 curte
1279 1591 1407 1645 regia
1428 1591 1530 1633 Salz
1560 1604 1751 1633 munera
1776 1604 1932 1633 secum

377 1649 648 1701 deferentes,
691 1651 750 1691 ad
788 1663 942 1704 regem
981 1650 1171 1705 pacifica
1201 1652 1413 1705 optantes
1452 1652 1776 1705 pez-venerum
1818 1663 1930 1704 quos

374 1722 464 1759 rex,
497 1711 551 1750 ut
583 1708 771 1758 audivit,
814 1709 911 1751 sine
942 1722 1069 1750 mora
1098 1709 1332 1763 postulata
1362 1722 1568 1750 annuens
1601 1711 1647 1750 et
1679 1708 1805 1750 abire
1836 1721 1930 1763 per-

376 1767 513 1808 misit.

516 1825 656 1867 Avari
686 1825 906 1867 termjnos
938 1825 1241 1880 Bulgarorum
1271 1826 1541 1867 invadentes
1578 1825 1636 1867 ab
1667 1825 1776 1880 ipsis
1807 1838 1931 1880 prae-

375 1884 502 1926 venti
534 1886 654 1934 sunt,
689 1886 736 1926 et
766 1897 933 1938 magna
963 1897 1066 1939 pars
1098 1897 1255 1926 eorum
1286 1884 1509 1926 exercitus
1540 1883 1787 1926 interfecta
1817 1886 1887 1926 est
1900 1883 1929 1924 ⁵.

517 1943 946 1994 Mediante.„mense
978 1943 1100 1984 Iulio
1140 1942 1352 1984 habitum
1382 1945 1452 1984 est
1480 1942 1593 1984 urbe
1623 1942 1926 1984 Radasbona¹¹

375 2001 587 2056 generale
620 2003 914 2051 conventum;
947 2001 1013 2042 ibi
1045 2001 1101 2043 de
1129 2001 1370 2043 Sclavania
1399 2014 1555 2043 omnes
1587 2002 1724 2043 duces
1745 2001 1930 2043 Boema-
1959 2017 1962 2019 ’
2003 2043 2006 2045 ,

375 2063 582 2110 norum0,
616 2073 727 2114 quos
749 2055 1121 2101 Zwentibaldusk
1157 2061 1248 2101 dux
1279 2073 1306 2101 a
1333 2060 1586 2101 consortiol’
1624 2062 1671 2101 et
1700 2061 1930 2114 potestate

376 2118 666 2160 Baioaricaeq
703 2119 853 2172 gentis
893 2132 974 2173 per
1013 2119 1106 2159 vim
1147 2119 1320 2160 dudum
1357 2118 1618 2160 divellendo
1656 2118 1927 2167 detraxerat,

376 2191 568 2231 quorum
612 2177 830 2231 primores
877 2179 1025 2233 erant.
1054 2176 1351 2231 Spitignewo,
1394 2177 1624 2227 Witizlar,
1673 2177 1732 2218 ad
1775 2189 1930 2230 regem

375 2235 609 2277 venientes
650 2237 697 2277 et
737 2235 984 2277 honorifice
1025 2235 1081 2276 ab
1123 2248 1176 2277 eo
1214 2236 1412 2290 recepti⁸
1459 2248 1540 2289 per
1578 2249 1752 2285 manus,
1793 2237 1930 2289 prout

375 2306 471 2335 mos
503 2296 585 2343 est,
617 2291 794 2347 regiaet
834 2294 1054 2348 potestati
1082 2293 1400 2335 reconciliatos
1432 2306 1479 2334 se
1510 2293 1826 2348 subdiderunt.

517 2352 693 2394 Iterum
737 2365 817 2394 rex
863 2365 890 2393 a
935 2351 1149 2393 Formoso
1195 2351 1444 2406 apostolico
1495 2364 1575 2406 per
1621 2351 1836 2406 epistolas
1882 2353 1929 2393 et

375 2410 533 2452 missos
565 2410 695 2452 enixe
725 2410 919 2452 Romam
948 2411 1103 2452 venire
1133 2410 1355 2451 invitatus
1387 2412 1470 2451 est.
1531 2410 1628 2452 Rex
1663 2423 1782 2460 vero,
1825 2423 1929 2451 cum

375 2537 404 2566 a)
417 2536 512 2563 hluth.
525 2536 572 2569 3⁶3
588 2536 663 2564 luth.
676 2536 716 2563 δε.
763 2536 795 2566 b)
807 2535 915 2568 viginti
928 2538 960 2561 et
971 2538 1086 2568 septem
1099 2535 1139 2562 30.
1188 2535 1216 2568 c)
1227 2533 1345 2561 uddone
1358 2535 1405 2568 3c;
1426 2534 1558 2561 hatdone
1570 2535 1610 2562 30.
1658 2533 1690 2566 d)
1702 2534 1876 2571 moguntiae
1888 2535 1928 2562 δε.

376 2573 404 2601 e)
422 2571 586 2597 hermanno
605 2571 645 2599 30.
728 2571 753 2602 f)
770 2571 906 2605 agripius}
925 2571 968 2598 80.
1048 2573 1077 2602 g)
1097 2573 1213 2596 statura
1231 2571 1270 2598 30.
1354 2570 1387 2603 h)
1405 2571 1556 2596 vor-mucia
1573 2570 1613 2598 30.
1702 2570 1725 2600 ἰ)
1743 2570 1870 2596 licencia
1887 2569 1928 2597 8ο.

376 2606 406 2637 k)
426 2606 554 2633 zuentib.
568 2606 608 2633 30.
666 2606 688 2637 Ι)
707 2606 802 2633 hluth.
815 2607 861 2639 30;
881 2606 953 2633 loth.
966 2606 1006 2633 δε.
1065 2606 1105 2636 m)
1124 2606 1155 2631 in
1169 2606 1207 2638 pl.
1222 2606 1252 2630 lu
1266 2606 1284 2633 1.
1303 2605 1343 2632 30.
1405 2607 1435 2637 n)
1456 2604 1615 2631 radisbona
1633 2605 1681 2637 3c3
1701 2603 1869 2637 radaspona
1887 2605 1927 2632 80.

375 2643 405 2671 o)
423 2641 645 2667 boemaniorum
663 2642 702 2668 30.
714 2648 736 2669 e.
806 2643 838 2674 p)
857 2641 1010 2667 consorcio
1028 2641 1069 2668 δε.
1141 2640 1172 2674 q)
1192 2641 1324 2677 baioarie
1343 2641 1383 2668 3⁶.
1455 2643 1481 2672 r)
1499 2641 1572 2673 spiti
1590 2647 1708 2672 gneuuo
1727 2641 1758 2665 ui
1777 2640 1870 2666 utizln
1887 2640 1927 2667 3ο.

375 2678 400 2706 s)
419 2677 547 2709 receptis
567 2676 639 2704 sae.
711 2676 734 2710 t)
752 2676 805 2701 hoc
823 2677 907 2702 verbo
927 2677 1032 2701 lacuna
1050 2676 1151 2708 finitur
1170 2676 1200 2700 in
1220 2676 1314 2701 codice
1331 2676 1357 2703 3.

376 2781 411 2824 1)
434 2782 650 2816 Monasterio
664 2782 899 2816 Fraeaenwm
922 2783 962 2815 in
987 2782 1066 2815 lacu
1089 2781 1271 2817 C'hiemeee.
1343 2780 1380 2824 2)
1403 2781 1520 2814 Mense
1536 2781 1655 2821 Μαίω-
1678 2781 1725 2822 cf.
1741 2780 1928 2813 Dammler

375 2828 447 2871 III,
479 2839 516 2871 p.
543 2829 741 2864 395—406.
861 2829 897 2871 3)
927 2829 1014 2862 Ite-m
1047 2839 1160 2862 mense
1190 2829 1313 2868 Maio:
1344 2828 1531 2861 Dammzer
1558 2827 1631 2870 III,
1662 2838 1701 2871 p.
1725 2827 1926 2863 406—409.
1995 2834 2007 2877 ᾗ

374 2875 411 2917 4)
433 2875 554 2910 Aecus.
576 2886 647 2919 pro
670 2876 825 2916 nomin.,·
849 2876 895 2918 cf.
912 2886 946 2909 a.
964 2876 1045 2911 884.
1118 2876 1155 2918 5)
1177 2875 1249 2909 His
1271 2875 1385 2909 verbis
1407 2875 1526 2909 cadem
1546 2884 1672 2918 pugna
1688 2873 1761 2907 dici
1775 2874 1924 2917 videtur,

374 2922 415 2955 de
438 2932 508 2964 qua
533 2923 636 2963 infra
660 2923 709 2956 ad
732 2933 766 2958 a.
792 2923 872 2961 896.
898 2922 1042 2956 uberius
1063 2926 1254 2958 narratur.

1955 1495 1989 1521 Ρ.

1995 2877 2007 2938 ἑ
