2020 3358
307 316 330 350 2
659 311 779 348 ΑΝΝ.
803 311 949 349 rum).
974 311 1107 348 PARS
1131 311 1163 350 1.
1186 311 1505 357 (SELIGENST.)

112 436 180 463 cnr.
190 436 222 464 L.
233 436 257 468 1,
269 436 294 464 3.
447 427 668 466 Dccxvn.
801 428 809 436 ⁰
874 428 952 464 ‘dus
959 434 980 456 ⁸
1008 430 1046 464 et
1069 427 1281 474 Hilpricusb
1311 440 1377 464 rex
1400 429 1438 464 in
1456 428 1632 465 Vinciaco
1658 429 1716 464 die
1742 428 1858 465 domi-

306 475 389 511 nica
404 478 490 511 ante
504 475 639 521 pascha
655 486 751 511 cum
798 475 900 511 arloe
922 478 1194 521 pugnantes
1209 478 1247 511 te
1321 474 1340 502 ‘¹
1362 478 1551 520 venunte;
1576 487 1684 521 quos
1701 476 1826 511 Carlus
1837 476 1855 503 f

83 529 295 563 (Amanus).
307 522 355 558 fu
363 533 389 568 g
398 522 411 557 i
419 524 496 558 ent
506 533 527 558 e
535 534 552 557 s
563 528 586 556 8
614 533 635 558 c
644 533 665 558 e
675 521 699 557 d
708 533 729 558 e
739 533 763 556 n
773 521 797 556 d
808 533 830 557 ο
854 533 878 567 p
889 533 937 557 er
946 521 1110 567 sequitur
1133 533 1247 566 usque
1297 522 1432 557 arisios.
1542 523 1610 558 His
1635 523 1859 568 temporibus

306 568 510 604 winfridus
520 567 558 614 h,
592 569 654 614 qui
685 571 722 604 et
751 571 890 613 postea,
920 579 1003 604 cum
1035 569 1224 613 episcopus
1251 568 1490 614 ordinaretur,
1521 568 1701 605 Bonifacii
1724 581 1858 605 nomen

307 616 458 661 accepit,
490 615 618 651 doctm-
642 615 839 651 catholicus
862 615 1009 650 natione
1020 614 1031 641 ἱ
1066 614 1210 660 Anglus
1233 615 1392 660 primum
1416 614 1584 661 Romam,
1617 616 1750 652 deinde
1774 628 1858 652 cum

306 663 521 745 {nemi-itate
551 661 719 708 Gregorii
753 673 869 707 papae
879 661 903 688 k
942 661 981 696 in
1013 660 1204 697 Franciam
1215 660 1227 688 ¹
1274 661 1320 696 ad
1352 662 1635 707 praedicandum
1642 670 1674 690 ¹11
1707 664 1858 699 verbum

342 709 375 746 ei
398 709 509 746 venit.

111 762 179 790 cnr.
191 762 223 790 L.
233 762 258 795 1,
268 763 294 790 4.
447 754 688 791 Dccxvm.
735 753 774 790 K
780 766 801 789 a
807 755 845 790 rl
852 766 876 789 ιι
884 766 901 789 s
912 754 929 781 f
954 754 1071 790 victor
1093 765 1185 801 regr
1192 765 1212 789 e
1220 754 1322 790 diens
1338 754 1525 790 Coloniam
1549 767 1573 790 v
1579 766 1599 790 e
1606 755 1667 790 nit
1689 757 1859 802 receptis-

307 814 377 847 que
394 813 416 837 a
431 801 696 838 Plichthrudel¹
717 801 907 837 thesauris
930 801 1043 846 patris
1067 801 1123 836 sui
1146 812 1271 847 regem
1294 801 1362 836 sibi
1378 801 1565 837 constituit
1580 801 1853 838 Hlotharium⁰

219 855 258 883 ib.
269 855 294 883 5.
306 850 465 892 nomine,
488 860 563 884 non
586 850 777 894 potestate.
895 847 1108 894 Hilpricusb
1139 850 1177 883 et
1187 855 1208 882 Ρ
1238 847 1473 894 Raginfridus
1482 854 1504 875 ⁸
1531 848 1642 883 auxili
1650 860 1672 884 o
1697 848 1860 884 Eudonis

307 896 408 931 ducis
441 895 723 940 Aquitaniorum
756 895 1035 930 instaurata
1066 906 1234 930 rursus
1264 895 1368 930 acie
1402 895 1621 939 superati
1653 895 1861 940 fugantur

220 995 259 1023 ib.
269 995 295 1023 6.
307 954 329 978 a
353 942 436 978 carl
445 948 710 1025 ῈᾌΟΧῩΠΠ.
757 987 892 1023 Karlus
903 987 958 1015 f.¹
975 987 1022 1022 ad
1037 987 1231 1023 Eudonem
1247 987 1360 1023 mittit
1375 990 1412 1023 et
1428 987 1679 1034 Hilpricumq,
1704 1001 1727 1034 q
1738 989 1784 1024 ui
1805 989 1859 1024 ad

307 1047 408 1071 eum
433 1035 743 1081 confugerat,
776 1046 844 1080 per
866 1035 1004 1088 legatos
1027 1035 1200 1080 reeipitr.
1248 1033 1347 1080 Quo
1371 1037 1588 1080 tempore
1612 1035 1859 1071 motharius

83 1089 294 1121 (A.Meit.718).
306 1094 381 1118 rex
404 1085 586 1118 mortuus
617 1084 700 1118 est.
820 1081 1044 1116 Bomfacius
1068 1082 1143 1116 vir
1167 1082 1507 1116 sanctissimus
1532 1093 1554 1116 a
1576 1084 1741 1127 praesule
1765 1083 1859 1118 sedis

307 1129 524 1183 apostolicae
548 1127 726 1174 Gregorio
750 1126 1055 1173 Mogontiacaes
1088 1128 1236 1172 civitati,
1260 1129 1453 1173 metropoli
1477 1127 1705 1172 Germaniae,
1724 1129 1858 1165 *archi-
1873 1138 1888 1155 ⁴
1909 1159 1917 1166 .

307 1186 495 1249 episcopus
509 1175 709 1229 ‘ordinatur
732 1176 770 1228 et
793 1174 933 1255 legatnls·
958 1173 1196 1228 Germanicus
1219 1174 1432 1210 Romanaet
1465 1175 1658 1210 aecclesiae
1682 1176 1721 1230 in
1745 1176 1858 1211 Fran·

305 1220 1192 1313 33331102332‘352,ruffiffletpffitziz‘iz‘z-ffiffi
1212 1221 1346 1302 {323⁸
1367 1222 1572 1313 ,ΞὲΞὲΒά
1587 1221 1860 1313 ἷῖῗὲῗὲἳιῗ

307 1318 526 1360 erraverant,
551 1315 740 1358 convertit,
765 1314 985 1349 monasteria
1008 1325 1153 1359 quoque
1170 1314 1431 1350 monachorum
1456 1318 1493 1350 et
1516 1315 1699 1361 virginum
1721 1316 1859 1362 primus

305 1364 344 1398 in
368 1363 531 1408 partibus
555 1361 805 1397 Germaniaeu
834 1361 1039 1397 instituitv.

219 1417 294 1444 ωδ.
400 1456 408 1464 ·
447 1408 626 1463 Dcm.
644 1455 652 1462 .
674 1407 823 1443 Mortuo
848 1407 1114 1453 Hilpricow
1139 1407 1335 1442 Garlusf
1364 1407 1633 1443 'I'heotricumx
1667 1409 1706 1444 in
1735 1409 1858 1444 sedem

219 1510 258 1538 ib.
270 1511 293 1538 7.
306 1467 411 1503 regm
435 1458 654 1539 ΟΙξόὃιΧιέἴ
662 1457 830 1536 1λΚιΜ-Ῑιιε
840 1500 858 1527 f
891 1500 1147 1546 Raginfridum
1159 1507 1182 1535 y
1215 1512 1370 1545 persequ
1380 1512 1400 1535 e
1409 1512 1434 1535 n
1443 1512 1459 1535 s
1475 1508 1491 1527 Ζ
1526 1501 1736 1547 Andegavis
1773 1503 1857 1538 civi-

307 1552 420 1585 tatem
445 1550 591 1594 capita;
650 1550 786 1583 ostea
810 1547 972 1583 Saxones
995 1547 1169 1582 vastando
1193 1548 1311 1583 victor
1334 1547 1548 1593 regreditur.

219 1604 258 1645 ib.
268 1604 294 1631 8.
447 1596 511 1631 Dc
659 1623 668 1631 .
715 1594 875 1630 Karlusb
905 1595 1129 1629 Alamannos
1154 1597 1191 1629 et
1214 1593 1399 1629 Baioarios
1424 1595 1533 1629 armis
1557 1595 1710 1640 subegit.

210 1639 294 1707 (ἓῑῖἰιῗζ
440 1653 689 1709 poexxm.
739 1646 916 1688 Iterum
930 1645 944 1670 ¹
964 1645 1212 1687 Alamanni
1237 1647 1284 1687 et
1304 1644 1493 1687 Norici*
1520 1653 1619 1698 pacis
1642 1654 1722 1688 iura
1745 1656 1859 1690 teme-

202 1756 242 1783 ib.
252 1755 295 1783 10.
306 1713 388 1737 rare
411 1704 700 1783 mgbncxxnntur.
701 1775 711 1784 .
759 1746 893 1781 Karlus
907 1745 929 1773 b
958 1747 1111 1781 transito
1135 1746 1267 1792 Ligere
1291 1746 1482 1781 Eudonem
1508 1724 1627 1793 fugat
1650 1749 1789 1782 vastata
1813 1750 1859 1783 et

306 1795 507 1831 incensa
530 1795 678 1840 regione
703 1794 816 1829 eius.

202 1850 294 1877 ib.11.
446 1841 664 1878 Dcoxxv.
713 1840 905 1876 Sarraceni
928 1840 980 1875 ab
1004 1839 1175 1875 Eudone
1199 1839 1238 1874 in
1255 1839 1427 1874 auxilium
1444 1851 1564 1874 suum
1589 1841 1750 1875 vocati
1775 1852 1858 1876 cum

306 1900 392 1934 rege
418 1899 483 1923 suo
499 1888 701 1923 Abdirama
717 1886 794 1922 Gar
802 1898 824 1922 0
833 1898 944 1922 unam
960 1886 1194 1931 Burdigalem
1205 1898 1229 1931 q
1238 1898 1262 1921 u
1272 1898 1292 1921 e
1316 1887 1533 1931 perveniunt
1557 1890 1665 1922 cunct
1673 1888 1685 1922 i
1693 1899 1710 1922 s
1735 1888 1779 1922 lo
1790 1889 1831 1922 ci
1842 1900 1858 1922 s

306 1935 454 1970 vastatis
463 1935 477 1954 ³
510 1946 530 1970 e
538 1939 555 1969 t
584 1934 783 1970 aecclesiis
791 1940 808 1961 θ
839 1934 923 1980 igne
948 1933 1134 1979 crematis3
1167 1933 1351 1968 basilicam
1377 1945 1401 1977 q
1410 1945 1434 1968 ιι
1445 1944 1466 1968 o
1477 1945 1500 1977 q
1510 1945 1534 1968 u
1544 1944 1564 1968 e
1589 1935 1704 1969 sancti
1727 1934 1859 1969 Hilarii

306 1982 465 2017 Pictavis
488 1981 699 2018 incendunt.

202 2025 295 2093 ³3:3¹2?
448 2039 684 2075 DCGXXVI.
732 2039 867 2075 Karlus
875 2038 895 2065 d
925 2038 951 2074 S
962 2050 983 2073 a
992 2050 1011 2072 r
1020 2050 1039 2072 r
1047 2050 1067 2073 a
1079 2049 1099 2073 c
1109 2049 1129 2073 e
1138 2038 1211 2072 nis
1229 2043 1343 2072 'cum
1366 2045 1507 2072 manu
1525 2031 1679 2073 valida
1705 2051 1727 2075 o
1735 2051 1754 2074 c
1762 2050 1858 2074 cur·

308 2098 407 2122 rens
439 2089 483 2122 et
513 2087 646 2121 auxilio
670 2086 739 2121 Dei
770 2086 884 2121 fretus
907 2097 1040 2131 regem
1066 2096 1191 2120 eorum
1217 2097 1316 2120 cum
1341 2085 1490 2120 infinita
1514 2086 1752 2121 multitudine
1775 2097 1859 2131 pro-

251 2165 254 2167 .
308 2134 435 2168 stravit
459 2133 680 2178 devictisque
703 2133 866 2168 hostibus
891 2143 975 2167 cum
999 2132 1184 2177 triumpho
1209 2132 1424 2178 regreditur.

462 2239 497 2282 *)
520 2239 565 2272 In
580 2239 652 2274 cod.
669 2241 703 2274 3.
720 2249 848 2272 manus
863 2250 891 2273 s.
908 2238 976 2271 XI.
994 2238 1088 2271 inter
1105 2238 1217 2271 lineas
1232 2238 1374 2271 addidit
1390 2237 1539 2272 baioarii
1563 2243 1595 2273 et
1619 2240 1657 2271 in
1676 2239 1858 2281 maryine:

520 2284 616 2319 Nota
641 2285 848 2319 alamannos
872 2283 932 2319 hic
956 2280 1072 2318 solum
1098 2294 1227 2318 sueuos
1252 2284 1436 2328 appellari.

309 2392 338 2422 a)
357 2389 544 2422 reginfredus
565 2392 588 2418 1,
602 2391 626 2417 2.
690 2389 721 2423 b)
740 2390 901 2422 hilpericus
922 2391 945 2416 1.
958 2390 984 2416 2.
1047 2390 1074 2422 c)
1093 2389 1196 2414 karolo
1217 2390 1241 2416 1.
1254 2389 1279 2416 2.
1345 2387 1376 2422 d)
1396 2393 1500 2414 contra
1520 2390 1544 2416 2.
1610 2391 1639 2421 e)
1658 2393 1814 2415 verterunt
1832 2390 1858 2417 3.

309 2427 332 2458 f)
351 2426 471 2451 karolus
491 2427 514 2453 1.
534 2427 559 2453 2.
656 2426 686 2457 g)
704 2426 841 2457 sugentes
861 2425 886 2452 3.
979 2423 1011 2457 h)
1030 2423 1208 2457 uuynfridus
1230 2426 1253 2451 1.
1273 2425 1297 2451 2.
1388 2424 1409 2456 i)
1428 2425 1554 2450 nacione
1574 2426 1597 2452 1.
1687 2425 1718 2455 k)
1737 2432 1814 2457 pape
1832 2426 1858 2452 3.

310 2461 331 2494 1)
349 2461 488 2487 frantiam
507 2461 533 2488 3.
604 2461 644 2491 m)
664 2459 878 2492 predicandum
899 2461 923 2486 l.
994 2459 1025 2491 n)
1044 2458 1219 2491 plidthruda
1237 2461 1262 2486 1.
1281 2459 1314 2491 2;
1339 2459 1377 2484 ab
1396 2458 1570 2485 liudthrude
1588 2460 1613 2487 3.
1685 2460 1716 2493 ο)
1734 2459 1859 2486 hlodha-

310 2497 385 2522 rium
405 2496 429 2523 3.
520 2495 551 2528 p)
569 2503 642 2521 vero
662 2499 693 2521 et
710 2496 736 2523 2.
754 2496 780 2522 3.
868 2495 899 2528 q)
918 2494 1094 2526 hilpericum
1115 2496 1138 2522 1.
1158 2495 1182 2522 2.
1273 2496 1298 2525 r)
1317 2494 1432 2526 recepit
1450 2495 1475 2521 3.
1563 2497 1590 2526 s)
1608 2495 1813 2526 moguntiacae
1833 2496 1858 2523 2.

310 2533 332 2562 t)
353 2538 473 2557 romane
492 2531 517 2558 3.
586 2532 617 2561 ιι)
635 2530 787 2562 germanie
806 2530 831 2557 3.
894 2531 925 2560 v)
944 2530 1100 2555 constituit
1119 2531 1143 2556 1.
1156 2530 1182 2556 2.
1245 2530 1283 2560 w)
1302 2529 1447 2561 hilperico
1468 2531 1492 2556 1.
1505 2530 1530 2557 2.
1592 2532 1624 2560 x)
1643 2530 1814 2556 thiotrieum
1833 2531 1859 2557 3.

309 2568 340 2599 y)
359 2565 560 2598 reginfredum
581 2567 605 2593 1.
624 2566 648 2592 2.
738 2565 765 2598 z)
783 2572 965 2598 presequens
985 2565 1010 2592 2.
1098 2564 1128 2597 a)
1146 2565 1227 2596 cepit
1247 2565 1272 2591 2.
1357 2564 1387 2594 b)
1406 2564 1525 2590 karolus
1546 2566 1570 2592 1.
1588 2565 1613 2592 2,
1695 2567 1722 2596 c)
1741 2565 1814 2593 ecel.
1832 2566 1858 2593 3.

310 2601 341 2634 d)
360 2602 479 2627 karolus
499 2602 523 2629 1.
543 2602 574 2633 23
595 2600 722 2626 Karalus
741 2601 767 2628 3,

311 2695 345 2738 1)
367 2693 516 2728 Mortuo
541 2693 752 2728 Chluthario
777 2703 863 2738 rege
886 2692 1022 2726 Karlus
1048 2712 1092 2717 —
1116 2692 1247 2736 recipit
1272 2693 1356 2728 Chr.
1382 2694 1496 2726 Laur.
1605 2693 1642 2736 2)
1664 2691 1737 2726 Per
1760 2692 1857 2727 idem

309 2744 452 2785 tempus
468 2740 573 2774 Eudo
599 2760 643 2765 —-
667 2740 797 2774 nititur
821 2740 906 2775 Chr.
923 2740 1058 2780 Laur.,·
1082 2750 1170 2783 quae
1193 2740 1296 2773 verba
1320 2741 1359 2773 in
1382 2750 1431 2782 eo,
1457 2750 1525 2783 quo
1546 2744 1664 2773 noster
1687 2750 1773 2773 usu-s
1795 2745 1855 2782 est,

308 2788 506 2832 exemplari
527 2789 697 2821 eoestincta
714 2789 877 2822 videntur
900 2788 1021 2829 sitisse,
1048 2788 1100 2820 ita
1124 2791 1164 2820 ut
1184 2797 1253 2830 pro
1269 2785 1375 2820 Eudo
1393 2787 1516 2828 legeret
1532 2785 1660 2822 eidem.
1700 2786 1857 2820 Ceterum

310 2836 440 2877 omn-ta,
459 2845 546 2878 quae
561 2835 610 2867 ad
626 2845 660 2870 α.
674 2836 871 2870 723—725.
888 2838 1103 2877 narrantur,
1122 2844 1191 2867 uno
1206 2843 1301 2867 anno
1314 2835 1393 2868 731.
1410 2834 1507 2875 sada
1523 2837 1615 2868 sunt.
1676 2833 1712 2875 3)
1727 2835 1858 2866 cuncta

309 2883 500 2924 vastantes,
518 2880 684 2915 ecclesias
700 2881 783 2926 igne
801 2879 968 2915 crematis
987 2880 1071 2916 Chr.
1088 2881 1202 2915 Laur.
1220 2881 1406 2913 secundum
1422 2880 1606 2919 editimoes,·
1630 2879 1692 2912 ubi
1711 2878 1857 2913 vastatis

311 2928 490 2970 leyendmn
514 2939 583 2961 esse
606 2929 761 2970 equidem
784 2928 1004 2963 crediderim.
