2020 3358
685 313 989 351 PRAEFATIO.
1518 315 1618 352 XIII

59 435 178 479 cuius
217 435 409 479 lectiones
446 449 498 477 ex
533 448 614 476 usu
648 434 867 489 scriptoris
905 434 954 477 in
984 434 1206 488 prioribus
1240 435 1370 478 annis
1405 436 1616 478 observato

58 494 267 548 corriyere
305 493 460 536 studui.
523 492 730 536 Similiter
765 493 814 536 in
849 492 1162 536 continuatione
1193 493 1504 547 Ratisbonensi,
1544 494 1617 537 ubi

57 555 211 596 menda
250 551 404 596 codicis
434 556 460 594 3
501 565 742 606 coynoseere
779 551 886 594 mihi
924 551 1040 594 visus
1078 565 1189 605 sum,
1236 566 1287 594 ea
1332 552 1520 605 correxi,·
1568 553 1616 595 in

57 611 360 654 Altahensibus
394 615 534 653 autem
569 610 954 654 continuationibus
988 625 1083 653 eum
1111 614 1158 653 ut
1187 611 1455 665 archetypum
1490 624 1616 664 quam

57 669 370 713 accuratissime
385 669 565 723 reddidi,
588 669 777 712 numeris
796 683 955 723 quoque
974 669 1175 722 foliorum
1190 669 1380 723 maryini
1399 669 1614 723 appositis.

200 728 286 771 Per
315 732 445 771 totum
469 728 622 770 librum
642 742 838 771 numeros
858 728 1124 782 payinarum
1144 727 1400 771 Pertzianae
1419 727 1616 771 editionis

55 786 105 830 in
134 787 328 841 maryine
357 787 513 840 notavi,
555 786 674 830 cuius
713 786 839 830 etiam
878 786 1170 830 adnotationes
1199 786 1415 841 plurimas
1443 787 1613 829 retinui.

8 897 12 905 ,
198 845 394 900 Denique
431 846 538 888 viris
576 845 896 888 humanissimis
934 850 973 888 et
1010 845 1261 888 doctissimis
1290 846 1346 887 E.
1378 846 1613 899 Du'mmler,

8 903 19 925 '¹
56 904 131 958 qui
174 909 214 947 et
257 905 332 948 hoc
377 918 480 958 opus
524 904 612 958 ipse
656 904 763 947 mihi
807 904 1028 947 mandavit
1065 908 1104 947 et
1141 904 1310 947 assidue
1349 904 1531 958 adiuvit,
1578 909 1617 947 et

55 963 117 1005 H.
148 962 374 1016 Bresslau,
416 963 490 1016 qui
529 977 616 1006 non
654 962 847 1006 lectiones
884 963 1019 1006 solum
1058 962 1212 1006 codicis
1253 963 1616 1006 Schlettstadensis

55 1021 370 1064 accuratissime
408 1021 549 1064 collati
585 1036 744 1065 mecum
774 1021 1105 1075 communicavit,
1146 1023 1221 1065 sed
1257 1021 1384 1064 etiam
1413 1022 1616 1076 playulas

29 1107 33 1110 -
54 1079 155 1123 inde
185 1080 378 1134 correoeit,
410 1080 586 1134 itemque
612 1081 708 1123 VV.
737 1080 856 1124 OCll.
879 1081 1027 1134 Baier,
1051 1081 1205 1123 Birket
1226 1081 1376 1134 Smith,
1398 1081 1612 1134 Hartwiq,

54 1138 236 1192 Riezler,
294 1140 550 1183 Wustmann
610 1139 951 1183 bibliothecarum
1003 1139 1273 1193 Sundiensis,
1335 1139 1612 1193 Havniensis,

10 1244 16 1252 v
56 1197 274 1252 Halensis,
297 1198 585 1252 Monacensis,
607 1198 846 1252 Lipsiensis
861 1199 1106 1253 praefectis,
1138 1213 1314 1252 quorum
1334 1198 1614 1241 benevolentia

54 1256 161 1298 mihi
191 1270 427 1300 concessum
465 1261 536 1311 est,
577 1261 624 1299 ut
654 1257 812 1301 codices
842 1257 1106 1312 Lipsiensem
1135 1258 1291 1311 Halae,
1324 1257 1633 1309 HavnieMM,

8 1339 18 1364 5
55 1319 95 1358 et
112 1315 414 1358 Monacensem
436 1315 626 1359 Sundiae
646 1317 892 1370 conferrem,
925 1331 1088 1360 necnon
1110 1317 1155 1359 S.
1177 1316 1614 1370 Herzbery-Fra'nkel

22 1380 24 1383 “
53 1377 94 1415 et
111 1374 168 1416 E.
191 1374 465 1428 Ouverleaux,
497 1374 572 1428 qui
594 1374 753 1418 codices
772 1375 1110 1418 Vindobonenses
1130 1379 1169 1418 et
1187 1375 1508 1417 Bruxellensem
1537 1374 1613 1416 ali-

53 1445 138 1485 qua
167 1446 219 1475 ex
240 1437 367 1486 parte
396 1433 503 1475 mihi
533 1434 806 1487 contulerunt,
836 1434 1003 1488 qratias
1032 1448 1112 1488 ayo
1141 1433 1365 1476 maximas.

196 1515 437 1558 Scribebam
469 1515 660 1559 Sundiae
689 1530 828 1559 mense
858 1519 1051 1570 Auyusto
1082 1531 1123 1558 a.
1150 1520 1276 1558 1891.

1126 1646 1182 1688 F.
1224 1645 1522 1690 KURZE.
