2020 3358
267 335 338 370 102
636 330 757 371 ANN.
780 330 927 369 FULD.
951 330 1084 368 PARS
1107 330 1183 369 m.
1205 330 1457 377 (MOGONT.)

269 451 443 494 cendiis
464 450 602 506 longo
622 453 827 506 tempore
847 451 1173 506 fatigaverunt,
1207 452 1498 494 audacioresa
1530 451 1685 494 effecti
1716 452 1823 494 duo—

269 510 418 552 decim
437 509 566 551 milia
586 509 807 552 librarum
838 510 937 552 auri
969 512 1016 552 et
1047 510 1227 564 argenti
1257 509 1314 551 ab
1345 509 1428 551 illa
1450 510 1637 564 regione
1657 509 1823 552 tributi

267 568 453 610 nomine
494 570 743 622 exegerunt
783 570 830 610 et
868 570 1026 610 tamen
1065 568 1204 610 fidem
1245 567 1499 622 pollicitam
1537 581 1824 622 nequaquam

268 628 521 669 servarunt.
582 626 703 668 Nam
735 628 781 667 et
812 625 992 668 obsides
1017 626 1284 668 occiderunt
1315 628 1363 668 et
1393 639 1421 668 a
1450 626 1823 681 praedationibus

267 685 457 727 minime
489 686 794 726 cessaverunt.

968 783 1097 830 *885.
1838 803 1853 818 2
1874 823 1882 831 .

412 853 833 900 DOCCLXXXV.¹¹
905 858 1039 900 Idem
1074 857 1361 900 Nordmanni
1402 871 1571 913 pagum
1600 857 1824 913 Haspani·

269 919 399 959 cume
437 917 708 959 invadentes
740 919 943 959 caeteros
978 917 1028 958 in
1059 916 1255 958 circuitu
1285 916 1455 958 vicinos
1487 919 1825 971 occupaverunt

268 977 407 1029 atque
427 975 583 1028 fruges
605 975 772 1017 diversi
793 975 973 1029 generis
989 977 1318 1029 congregantes
1339 974 1427 1016 sibi
1449 975 1508 1016 ad
1528 975 1825 1016 hiemandum

267 1036 316 1075 et
346 1033 701 1074 inhabitandum
740 1033 868 1087 quasi
905 1032 1035 1074 nullo
1071 1033 1312 1075 resistente
1343 1033 1678 1088 disposuerunt,
1716 1034 1824 1075 viris

268 1104 321 1133 ac
343 1090 626 1140 mulieribus,
660 1104 772 1145 quos
802 1091 1007 1133 invenire
1038 1093 1301 1146 potuerunt,
1335 1092 1394 1133 ad
1425 1105 1558 1133 suum
1589 1091 1826 1133 servitium

265 1149 523 1191 reservatis.
595 1148 770 1200 Quibus
810 1148 1080 1191 Liutbertus
1120 1149 1485 1204 archiepiscopus
1525 1151 1572 1191 et
1611 1149 1825 1190 Heimrih

269 1220 418 1250 comes
451 1207 620 1261 aliique
650 1207 864 1248 nonnulli
894 1207 1125 1262 insperate
1147 1210 1508 1262 supervenerunt
1539 1209 1586 1249 et
1616 1207 1825 1262 plurimis

266 1266 507 1320 prostratis
539 1268 742 1307 caeteros
772 1266 822 1307 in
842 1266 1073 1319 quandam
1102 1265 1489 1307 munitiunculam
1518 1265 1679 1320 fugere
1711 1278 1825 1307 com-

266 1324 499 1379 pulerunt,
532 1323 756 1378 frugibus,
791 1338 902 1378 quas
931 1326 1331 1379 congregaverant,
1364 1323 1571 1366 sublatis.
1620 1323 1825 1378 Cumque

268 1383 349 1424 diu
370 1382 541 1424 obsessi
573 1385 620 1424 et
650 1382 774 1425 fame
800 1382 989 1436 fatigati
1008 1396 1196 1424 manum
1218 1395 1453 1425 conserere
1473 1396 1567 1424 non
1588 1383 1823 1432 auderent,

266 1443 402 1483 nocte
433 1441 631 1494 quadam
660 1441 774 1495 fuga
803 1441 920 1496 lapsi
951 1443 1071 1482 sunt.

412 1495 654 1541 Gotafridd
688 1495 1047 1550 *Nordmannus,
1076 1499 1155 1553 qui
1177 1499 1452 1541 christianus
1474 1498 1666 1541 effectus
1686 1499 1824 1541 fidem
1838 1513 1853 1529 *
1875 1534 1883 1542 .

266 1557 533 1612 imperatori
572 1559 619 1599 et
660 1558 910 1599 christiano
950 1557 1120 1612 populo
1158 1571 1205 1599 se
1237 1560 1523 1599 servaturum
1554 1570 1651 1600 esse
1682 1571 1823 1599 sacra-

266 1618 423 1658 mento
455 1616 666 1666 firmavit,
699 1616 837 1658 fidem
867 1616 1089 1658 mentitus
1111 1616 1360 1658 exercitum
1389 1629 1483 1657 non
1506 1616 1736 1657 modicum
1767 1617 1824 1658 de

267 1687 352 1716 sua
381 1676 520 1728 gente
553 1674 847 1728 congregavit
879 1676 925 1716 et
956 1688 1038 1729 per
1062 1674 1243 1716 alveum
1262 1674 1413 1716 Rheni
1443 1674 1643 1715 fluminis
1675 1687 1824 1716 ascen-

268 1733 376 1774 dere
409 1735 456 1774 et
486 1732 685 1787 plurima
715 1733 816 1774 loca
837 1746 945 1774 suae
968 1733 1136 1774 dicioni
1158 1732 1401 1787 subiugare
1424 1733 1668 1787 disposuit;
1702 1733 1824 1786 quod

185 1806 254 1833 nat
268 1791 378 1832 dum
398 1803 553 1832 mense
573 1791 697 1832 Maio
721 1791 874 1833 facere
904 1791 1192 1841 instituisset,
1224 1791 1324 1832 Deo
1354 1793 1578 1833 renuente
1609 1791 1825 1845 perficere

266 1862 361 1890 non
391 1849 557 1904 potuit.
618 1848 739 1890 Nam
770 1849 827 1891 ab
858 1849 1127 1891 Heimricho
1167 1849 1357 1903 aliisque
1394 1848 1606 1891 fidelibus
1637 1849 1826 1904 impera·

266 1908 380 1949 toris
402 1908 460 1948 ad
482 1907 760 1962 colloquium
774 1907 789 1932 1
808 1907 1030 1949 invitatus
1061 1910 1108 1950 et
1138 1907 1426 1949 infidelitatis
1448 1910 1692 1962 correptus,
1721 1920 1825 1949 cum

268 1979 344 2007 eos
376 1966 586 2007 convitiis
618 1966 843 2020 variisque
882 1966 1093 2008 ludibriis
1126 1965 1429 2015 exacerbaret,
1471 1966 1645 2007 occisus
1677 1968 1746 2007 est
1778 1968 1828 2007 et

268 2036 436 2073 omnes,
470 2024 547 2078 qui
579 2037 682 2065 cum
713 2024 794 2066 illo
827 2027 970 2075 erant,
1003 2024 1201 2066 Domino
1232 2024 1303 2065 illi
1331 2024 1603 2078 condignam
1634 2024 1826 2066 infideli·

266 2082 378 2124 tatis
410 2095 518 2123 suae
549 2083 806 2124 mercedem
835 2083 1132 2129 retribuente.

409 2140 696 2182 Nordmanni
742 2143 897 2182 autem
944 2141 1001 2183 ab
1049 2155 1101 2183 eo
1147 2141 1332 2183 invitati
1377 2141 1650 2191 nescientes,
1704 2141 1825 2195 quod

266 2198 445 2240 factum
476 2201 587 2249 erat,
620 2199 668 2239 in
690 2199 933 2241 Saxoniam
963 2200 1233 2254 praedatum
1263 2200 1329 2241 ire
1354 2199 1626 2254 pergebant3
1661 2199 1824 2253 quibus

269 2269 372 2298 cum
404 2257 538 2311 pauci
570 2257 768 2299 Saxones
808 2258 1110 2300 occurrissent
1150 2260 1196 2299 et
1234 2260 1395 2299 tantae
1435 2257 1724 2299 multitudini
1760 2270 1826 2299 re-

268 2314 443 2356 bellare
473 2315 747 2366 timuissent,
779 2318 912 2370 terga
940 2318 1189 2358 verterunt.
1252 2317 1316 2357 At
1346 2315 1417 2356 illi
1448 2315 1586 2370 longo
1617 2316 1765 2370 spatio
1798 2329 1826 2356 a

268 2373 361 2414 suis
401 2373 593 2415 navibus
631 2374 814 2424 remoti,
861 2374 1093 2428 fugientes
1137 2374 1363 2429 persecuti
1403 2376 1529 2424 sunt,
1578 2374 1707 2427 quasi
1748 2387 1824 2415 eos

269 2434 421 2473 essent
453 2433 835 2486 comprehensuri.
898 2432 1084 2474 Interea
1105 2432 1344 2483 Frisiones,
1378 2432 1455 2486 qui
1486 2434 1709 2473 vocantur
1739 2432 1827 2474 De-

268 2489 540 2532 starbenzon
554 2491 581 2540 ²,
624 2490 753 2544 quasi
785 2504 812 2532 a
842 2490 1039 2532 Domino
1071 2491 1290 2532 destinati
1320 2490 1642 2545 parvissimis⁰‚
1674 2492 1728 2531 ut
1760 2491 1826 2532 eis

268 2550 338 2589 est
360 2549 655 2599 consuetudo,
688 2549 909 2591 naviculis
930 2550 1051 2591 vecti
1083 2551 1443 2604 supervenerunt
1475 2551 1521 2591 et
1549 2562 1624 2590 eos
1647 2562 1674 2590 a
1693 2551 1824 2603 tergo

267 2606 523 2660 inpugnare
564 2609 825 2662 coeperunt.
898 2606 1031 2658 Quod
1072 2621 1175 2649 cum
1214 2608 1447 2657 vidissent,
1491 2606 1703 2657 Saxones,
1746 2607 1825 2661 qui

267 2665 392 2718 prius
423 2665 652 2719 fugerant,
690 2666 857 2708 reversi
889 2668 996 2707 sunt
1028 2668 1074 2708 et
1106 2666 1307 2720 graviter
1338 2666 1401 2708 eis
1431 2666 1729 2720 repugnando
1761 2665 1825 2705 in-

267 2779 298 2808 a)
316 2776 487 2804 audentiores
508 2779 568 2806 cod.
622 2779 652 2810 b)
671 2778 934 2807 DCCCLxxxln.
954 2779 1014 2808 cod,
1033 2781 1085 2811 (cf.
1104 2788 1132 2808 α.
1146 2779 1222 2812 868).
1277 2781 1304 2811 0)
1323 2779 1538 2811 haspannicum
1559 2779 1619 2806 cod.
1674 2776 1705 2809 d)
1725 2776 1826 2804 Goda-

268 2811 329 2838 srld
348 2813 409 2840 cod.
482 2815 510 2845 e)
530 2814 714 2846 pravissimis
735 2815 794 2842 cod.

269 2893 305 2935 1)
327 2893 373 2927 In
398 2895 518 2927 insula
535 2895 753 2929 Batavorum
762 2908 776 2935 ,·
800 2897 845 2937 cf.
863 2896 988 2938 Reqin.
1012 2896 1087 2932 chr.
1112 2897 1192 2932 885.
1289 2895 1326 2938 2)
1348 2895 1486 2929 Incolae
1505 2895 1598 2938 pam·
1621 2894 1823 2928 Testor-bant

268 2940 454 2984 (Seeland)
479 2941 527 2974 acl
551 2942 713 2975 Rhenum
737 2947 768 2975 et
791 2943 936 2977 Flevum
961 2943 1076 2976 lacum
1100 2944 1172 2978 siti.
1209 2942 1250 2978 P.
