2020 3358
316 306 363 341 60
668 301 788 341 ANN.
812 302 957 339 FULD.
980 301 1113 338 PARS
1137 302 1189 338 II.
1211 301 1518 349 (FULDENSIS)

314 430 407 464 mus,
441 419 504 454 sed
536 421 687 464 propter
720 422 950 455 contumaces
976 431 1055 454 eam
1069 420 1079 440 ¹
1106 420 1236 454 iterato
1261 419 1499 454 mathematis
1524 418 1691 453 duximus
1715 418 1866 453 vinculis

316 466 571 503 innodandam.
621 465 705 501 Sita
734 466 845 512 igitur
868 477 890 501 a
905 466 1015 502 Patre
1041 469 1078 501 et
1101 466 1194 501 Filio
1220 468 1258 501 et
1281 466 1436 511 Spi'ritu
1460 468 1596 508 sancto,
1622 476 1694 500 uno
1720 468 1758 500 et
1779 476 1867 500 vero
1880 473 2000 506 *9.877.

316 513 405 556 Deo,
440 515 478 548 et
511 513 556 548 ab
590 513 757 548 omnibus
785 513 917 548 sanctis
941 513 1104 558 patribus
1129 515 1166 548 et
1190 513 1235 548 ab
1260 513 1427 548 universa
1450 515 1574 547 sancta
1597 512 1667 547 Dei
1690 511 1868 547 catholica

315 563 354 594 et
378 560 574 605 apostolica
598 560 748 595 ecclesia
773 562 810 595 et
834 571 855 594 a
878 560 982 595 nobis
1006 559 1150 605 penitus
1175 559 1368 594 anathema
1392 570 1475 595 cum
1493 559 1659 594 omnibus
1684 558 1868 603 complici·

315 607 393 651 bus,
419 607 786 642 communicatoribus
806 609 914 650 atque
932 606 1203 641 auxiliatoribus
1227 606 1318 640 suis:
1342 606 1395 641 ita
1418 609 1469 650 ut,
1494 606 1587 641 sicut
1610 605 1682 640 iam
1707 605 1867 640 decrevi-

315 665 406 698 mus,
431 653 462 688 si
486 653 565 697 quis
591 653 624 688 ei
650 653 916 688 communicare
939 653 998 687 vel
1022 653 1142 688 favere
1167 653 1205 687 in
1230 653 1350 696 aliquo
1374 652 1655 697 praesumpserit
1667 651 1705 697 b,
1736 652 1765 686 si
1789 652 1867 696 qui-

316 700 399 734 dem
437 700 586 735 clericus
623 699 744 744 fuerit,
780 700 843 734 ine
885 699 1013 734 eodem
1049 699 1194 734 vinculo
1231 699 1445 734 constrictus
1482 698 1641 735 officium
1678 699 1868 734 clericatus

315 747 469 790 amittat,
494 746 663 781 monachi
686 757 773 781 vero
798 749 835 781 et
858 746 951 791 laici,
981 746 1010 780 si
1034 746 1282 781 inobedientes
1307 745 1454 781 decreto
1478 745 1691 790 praesentib
1721 745 1867 788 fuerint,

315 793 479 828 similiter
503 793 862 829 anathematizentur.
911 793 1008 828 Sane
1033 793 1063 828 si
1087 793 1213 828 eadem
1237 793 1368 827 mulier
1391 792 1438 827 ad
1453 792 1571 827 virum
1595 803 1701 826 suum
1725 803 1870 827 reversa

314 839 425 874 fuerit
456 839 514 874 vel
546 839 780 885 apostolicam
813 839 911 875 beati
936 839 1038 875 Petri
1071 839 1194 875 sedem
1218 839 1376 875 Romam
1407 850 1606 884 properans
1635 837 1868 883 accesseritd,

314 886 457 921 veniam
495 887 528 922 ei
563 889 646 931 post
682 886 846 941 dignam
866 886 1147 922 satisfactionem
1186 886 1314 931 procul
1350 886 1460 921 dubio
1496 896 1571 920 non
1607 885 1819 939 negabimus
1832 891 1868 922 θ.

314 932 607 968 Verumtamenf
636 933 702 968 sub
735 933 849 978 priori
880 933 1025 968 vinculo
1059 933 1308 977 anathematis,
1342 944 1414 977 quo
1446 933 1545 967 illam
1577 933 1677 977 prius
1711 935 1748 967 et
1771 943 1869 967 nunc

315 980 563 1025 obligavimus,
598 980 743 1015 interim
777 980 973 1015 constricta
1003 982 1227 1026 permaneat.
1276 960 1316 1015 S’i
1350 979 1429 1024 quis
1463 982 1583 1014 autem
1613 979 1730 1014 eidem
1755 977 1868 1033 Ingil-

314 1026 452 1061 drudae
467 1033 490 1059 g
519 1027 754 1080 apostolicam
778 1027 877 1062 beati
900 1026 1003 1062 Petri
1026 1027 1149 1062 sedem
1173 1026 1331 1062 Romam
1355 1026 1554 1071 spetialiter
1576 1026 1787 1072 properanti
1810 1026 1869 1061 vel

315 1073 520 1108 occurrenti
553 1073 694 1108 nescius
727 1073 1050 1109 communicaverit
1082 1075 1146 1108 aut
1175 1073 1290 1108 sciens
1321 1084 1428 1118 opem
1453 1073 1491 1107 in
1515 1073 1693 1108 veniendo
1717 1073 1868 1118 praesti·

314 1119 410 1163 terit,
436 1120 534 1154 nullo
559 1131 626 1164 pro
651 1119 721 1155 hoc
745 1120 890 1155 vinculo
914 1122 1082 1155 teneatur
1105 1119 1306 1156 innexush.

313 1212 379 1247 DE
417 1211 714 1248 SENTENOHS
750 1211 923 1258 ATQUE
959 1211 1286 1296 ΙῙἙΒΊᾹῙέΒῙίΞΟΤΙὸ
1324 1211 1467 1248 SEDIS
1503 1211 1868 1249 APOSTOLIOAE.

455 1317 495 1353 Si
529 1318 608 1362 quis
641 1317 823 1363 dogmata,
856 1317 1039 1362 mandata,
1072 1317 1276 1362 interdicta,
1310 1317 1512 1352 sanctiones
1536 1317 1594 1352 vel
1623 1316 1769 1352 decreta
1800 1328 1868 1362 pro

316 1363 514 1400 catholicai
548 1364 632 1408 fide,
664 1375 731 1409 pro
757 1364 998 1400 ecclesiastica
1021 1345 1220 1410 disciplina,
1253 1375 1321 1410 pro
1346 1364 1570 1400 correctione
1594 1363 1766 1407 fidelium,
1799 1375 1868 1408 pro

316 1412 567 1446 emendatione
607 1412 865 1446 sceleratorum
898 1412 956 1446 vel
990 1411 1243 1446 interdictione
1284 1411 1538 1446 inminentium
1571 1411 1629 1446 vel
1661 1390 1868 1446 futui-'orum

313 1459 493 1493 malorum
510 1469 532 1492 a
548 1458 640 1493 sedis
658 1458 905 1503 apostolicaek
924 1457 1115 1503 praesuleb
1138 1458 1330 1494 salubriter
1352 1459 1582 1503 promulgata
1600 1457 1867 1502 contempserit,

314 1506 507 1541 anathema
530 1505 586 1539 sit.

455 1602 668 1658 Episcopi
689 1615 795 1644 vero
817 1602 1078 1657 supradicti,
1112 1604 1353 1657 postquam
1375 1602 1582 1643 damnati
1603 1604 1724 1651 sunt,
1753 1602 1868 1644 haec

313 1662 643 1716 rescripserunt
656 1661 690 1702 ²:

456 1726 565 1762 CAP.
590 1726 622 1763 I.
669 1726 845 1762 Nicolaol
878 1726 1043 1772 pontifici
1067 1726 1299 1762 Gundharius
1325 1728 1433 1770 atque
1459 1725 1727 1772 Theotgaudus.

455 1774 582 1808 Patres
609 1774 768 1819 episcopi
793 1776 830 1808 et
853 1773 982 1808 fratres
1007 1773 1212 1818 coepiscopi
1235 1774 1349 1808 nostri
1373 1773 1420 1808 ad
1443 1776 1481 1808 te
1506 1785 1571 1808 nos
1596 1773 1807 1808 direxerunt
1831 1775 1869 1808 et

314 1832 378 1854 nos
404 1824 531 1866 sponte
556 1820 738 1864 ivimusm,
771 1821 958 1856 consulere
982 1820 1151 1855 videlicet
1175 1820 1345 1865 expletan
1374 1820 1534 1866 generali
1558 1820 1738 1865 legatione
1763 1823 1868 1854 tuum

313 1868 560 1913 magisterium
585 1879 693 1912 super
716 1847 772 1902 liis
797 1868 1042 1912 speoialiterc,
1074 1873 1193 1911 quae⁰
1223 1868 1371 1912 pariter,
1395 1869 1506 1912 prout
1529 1867 1632 1902 nobis
1656 1867 1773 1902 visum
1798 1866 1868 1901 fuit

314 1918 351 1949 et
376 1914 612 1958 adicientibus
626 1921 646 1947 P
676 1917 805 1949 notum
830 1925 906 1949 esse
930 1914 1060 1959 potuit,
1091 1914 1338 1958 iudicavimus,
1370 1916 1600 1949 auctoritates
1625 1914 1866 1958 rationesque,

313 1973 401 2005 quas
426 1962 540 1996 secuti
564 1961 707 2004 fuimus,
734 1961 875 2005 seriptis
900 1961 1141 2005 ostendentes,
1166 1963 1208 1995 ut
1230 1963 1295 1995 tua
1311 1961 1486 2005 sapientia
1501 1960 1734 2005 perscrutatis
1751 1960 1866 1995 omni·
2016 1983 2020 1999 ,-

312 2009 390 2052 bus,
428 2008 516 2052 quid
550 2008 636 2043 inde
672 2008 851 2043 sentiresq
889 2011 927 2042 et
959 2008 1047 2052 quid
1079 1988 1205 2052 velles,
1242 2008 1346 2042 nobis
1381 2009 1560 2052 patern00
1600 2007 1866 2042 demonstrares
1959 2016 1962 2018 ·
2012 2010 2020 2052 ξ

314 2055 473 2090 affectur
502 2066 640 2099 nosque
664 2055 825 2090 fraterna
841 2055 991 2089 caritate
1015 2066 1244 2099 procurares,
1269 2057 1307 2089 et
1330 2054 1360 2088 si
1383 2055 1511 2089 melius
1535 2054 1625 2089 illud
1647 2057 1712 2088 tua
1735 2054 1866 2089 sancti·
2018 2076 2020 2078 -

314 2105 367 2136 tas
404 2102 593 2146 inveniret,
630 2103 671 2136 ut
707 2113 772 2135 nos
808 2102 1003 2136 instrueres
1041 2104 1078 2136 et
1114 2102 1272 2146 doceres,
1309 2101 1543 2146 subpliciters
1588 2101 1865 2143 obsecravimus,

312 2149 439 2193 parati,
466 2148 638 2192 quicquid
661 2149 794 2183 rectius
819 2151 856 2182 et
879 2148 1115 2193 probabiliter
1138 2147 1380 2191 insinuaresd‚
1409 2148 1587 2183 1111811181·ῒ
1621 2147 1800 2192 amplecti.

455 2194 564 2231 CAP.
589 2194 642 2231 11.
691 2194 765 2230 Sed
797 2206 862 2229 nos
895 2206 961 2239 per
990 2197 1063 2233 tres
1089 2194 1308 2239 epdomadas
1333 2197 1437 2228 tuum
1461 2196 1693 2248 expectantes
1716 2205 1864 2238 respon—

313 2253 403 2287 sum,
428 2242 479 2276 nil
505 2241 728 2276 certitudinis
751 2241 912 2285 nihilque
935 2242 1148 2276 doctrinaeu
1178 2242 1281 2276 nobis
1299 2241 1545 2286 expressistiV3
1570 2244 1750 2275 tantumW
1775 2251 1864 2284 quo-

313 2289 396 2323 dam
421 2289 480 2323 die
504 2289 542 2322 in
560 2288 734 2333 publieox
756 2288 877 2322 dixisti
901 2299 967 2323 nos
992 2288 1212 2323 excusabiles
1225 2295 1247 2322 y
1269 2299 1442 2333 apparere
1467 2290 1505 2323 et
1528 2288 1738 2323 innocentes
1763 2287 1866 2322 iuxta

312 2336 425 2370 nostri
450 2336 689 2370 assertionesz
718 2334 841 2371 libelli.

312 2442 341 2474 a)
362 2442 410 2466 Fit
428 2441 452 2468 3.
524 2441 555 2472 b)
574 2447 651 2473 pres.
669 2440 695 2468 3.
767 2442 795 2472 c)
813 2440 889 2466 deest
904 2441 941 2468 H.
1013 2439 1045 2473 d)
1063 2441 1106 2465 ita
1119 2440 1157 2467 H.
1162 2449 1174 2472 ,·
1191 2441 1266 2465 deest
1284 2440 1310 2468 3.
1382 2442 1410 2471 8)
1429 2438 1641 2472 denegabimus
1660 2439 1698 2467 H.
1770 2440 1794 2470 s)
1805 2440 1865 2466 Ve-

312 2479 470 2502 runtamen
489 2477 514 2503 3.
603 2478 633 2508 g)
652 2474 827 2508 Ingildrude
845 2476 871 2503 3.
960 2476 999 2506 11)·
1010 2481 1145 2501 annexus
1165 2475 1202 2502 H.
1286 2475 1308 2506 i)
1327 2473 1474 2500 catdolica
1493 2475 1517 2502 3.
1604 2474 1636 2506 k)
1655 2475 1819 2507 apostolice
1837 2475 1864 2502 3.

312 2511 334 2542 l)
353 2512 475 2537 Nicalao
495 2511 520 2539 3.
583 2513 623 2543 m)
641 2511 749 2537 ibimus
768 2511 800 2543 33
819 2511 955 2536 venimus
975 2511 1012 2537 H.
1075 2512 1106 2541 11)
1126 2510 1205 2542 expl.
1224 2518 1251 2542 g.
1270 2510 1325 2542 leg.
1346 2510 1403 2538 des.
1422 2510 1461 2537 H.
1523 2511 1553 2541 o)
1571 2517 1630 2542 que
1648 2510 1674 2537 3.
1737 2511 1769 2542 p)
1787 2517 1814 2537 a.
1833 2513 1865 2535 et

313 2547 548 2578 approbantibus
567 2546 605 2573 H.
685 2548 716 2579 q)
735 2546 917 2574 sentiret..
936 2545 1052 2572 vellet.
1073 2544 1138 2573 ,811
1139 2548 1319 2571 monstraret
1338 2545 1377 2573 H.
1446 2547 1473 2576 r)
1492 2545 1541 2572 aff.
1560 2559 1594 2563 —
1612 2551 1730 2577 procur.
1749 2545 1806 2572 des.
1824 2545 1862 2572 H.

311 2583 337 2611 s)
357 2581 422 2609 doc.
440 2582 506 2613 hoc,
527 2581 680 2607 humiliter
698 2581 880 2614 postulamus
900 2581 937 2608 H.
1014 2582 1036 2612 t)
1056 2587 1115 2606 una
1135 2587 1201 2606 cum
1221 2580 1420 2606 confratribus
1438 2581 1549 2606 nostris
1568 2580 1648 2606 sanis
1667 2578 1863 2612 adquiescere

312 2616 498 2642 documentis
517 2617 555 2644 H.
635 2618 667 2647 u)
685 2615 822 2642 doctrine
840 2616 865 2643 3.
937 2617 968 2646 v)
988 2623 1062 2648 expr
1064 2616 1147 2654 esisti
1165 2616 1191 2644 3.
1262 2617 1302 2646 w)
1321 2614 1375 2641 sed
1394 2618 1509 2642 tantum
1529 2615 1566 2643 H.
1645 2615 1678 2648 x)
1699 2615 1818 2640 bublico
1836 2615 1863 2642 3.

311 2654 342 2684 y)
364 2652 567 2677 excausabiles
587 2652 613 2679 3.
684 2651 711 2686 z)
729 2650 931 2677 adsertionem
949 2651 987 2678 H.

314 2735 348 2776 1)
371 2734 558 2767 Nicolaum
584 2732 847 2767 contumaciam
872 2733 982 2767 scribi
1004 2733 1152 2766 voluisse
1175 2736 1343 2776 amaret,-
1367 2732 1427 2766 sed
1449 2742 1527 2765 cum
1548 2733 1654 2765 etiam
1670 2731 1866 2765 Hincmari

311 2781 416 2813 codex
441 2782 460 2815 1
487 2781 757 2823 (Bertinianus)
782 2781 1014 2813 contumaces
1040 2790 1119 2813 eam
1144 2779 1316 2822 εατῆἱὸεαί,
1351 2778 1413 2812 hoc
1436 2779 1598 2812 mendum
1622 2779 1662 2811 in
1686 2779 1766 2821 ipsa
1789 2779 1863 2821 epi·-

311 2827 407 2860 stula
432 2827 569 2860 videtur
589 2828 710 2868 fuisse.
783 2827 820 2868 2)
843 2827 1003 2860 Eandem
1029 2827 1103 2868 fere
1126 2827 1314 2870 epistulam
1335 2826 1560 2870 praefatione
1574 2829 1714 2858 auctam
1734 2835 1864 2869 paucus

311 2875 459 2907 mutatis
491 2874 539 2907 ad
572 2875 746 2918 efflscopos
778 2875 882 2916 requi
915 2873 1086 2907 Lotharii
1126 2874 1318 2913 miserunt,-
1356 2883 1463 2915 quam
1495 2872 1716 2905 Hincmamcs
1753 2875 1863 2905 totam

309 2921 447 2964 recepit.
