2020 3358
474 335 673 373 CONTJN.
697 335 965 373 RATISBON.
1013 337 1061 374 A.
1085 340 1167 375 894.
1191 341 1273 376 895.
1582 343 1651 377 125

238 458 525 500 Wormacia²²
575 457 787 499 habitum
833 459 903 499 est
947 457 1161 511 generale
1209 462 1483 501 conventum
1497 460 1532 510 1;
1586 461 1761 509 ibium).

97 519 218 560 inter
268 517 360 559 alia
404 516 603 558 Karolus
654 528 768 570 puer
819 515 975 557 indole
1025 516 1298 566 iuventutis,
1352 517 1612 560 Hludowici
1625 515 1644 542 ¹³

98 576 258 619 Karoli
290 576 345 618 de
376 574 652 617 occidentali
682 574 876 616 Francia
905 575 1026 628 regis
1057 574 1141 615 filii
1172 574 1306 626 filius,
1346 589 1486 630 nepos
1517 578 1649 631 regis,

98 636 157 678 ad
188 648 292 677 eum
321 634 521 684 veniens,
564 646 699 687 quem
736 646 816 675 rex
856 646 960 674 cum
992 633 1238 675 dilectione
1270 634 1470 689 suscepit
1501 637 1548 676 et
1580 635 1651 677 ab·

98 694 246 736 solvit.

238 751 486 793 Alamanni
527 764 631 792 cum
669 763 809 792 manu
845 750 1000 792 valida
1039 764 1174 806 super
1204 751 1459 793 Rodulfum
1497 765 1652 806 regem

98 824 202 853 cum
234 809 570 852 Zwentibaldo⁰
607 809 703 851 filio
732 809 852 863 regis
885 810 941 851 de
973 809 1228 851 concubina
1257 810 1650 852 transmittuntur.

98 869 186 911 Ille
226 882 272 911 se
313 868 563 910 defendens
604 868 861 910 obiectione
892 867 1093 923 Alpium,
1126 868 1374 910 Alamanni
1415 870 1653 911 devastata

96 940 263 982 magna
293 927 417 968 illius
447 926 645 980 regionis
676 929 807 981 parte
837 929 1132 968 revertuntur
1162 928 1211 968 in
1242 941 1337 969 sua.

237 985 375 1026 Wido
415 985 570 1026 Italici
615 986 746 1039 regni
787 988 1011 1040 tyrannus
1050 986 1208 1027 morbo
1249 988 1482 1041 correptus
1523 986 1649 1037 obiit,

97 1044 224 1086 cuius
264 1040 415 1085 filius‘¹
457 1043 738 1086 Lantbertus
784 1045 943 1086 eodem
986 1045 1121 1086 modo
1160 1058 1354 1099 regnum
1393 1045 1651 1087 invadendo

97 1102 340 1145 affectatus
372 1105 453 1144 est.

238 1161 622 1212 Zwentibaldusc,
656 1162 748 1203 dux
768 1162 1058 1204 Maravorum
1090 1164 1137 1204 et
1162 1163 1330 1217 vagina
1359 1163 1530 1204 totius‘3
1558 1176 1651 1217 per-

96 1220 244 1271 fidiae,
279 1233 382 1261 cum
403 1233 559 1262 omnes
585 1220 793 1274 regiones
824 1220 911 1262 sibi
943 1221 1104 1269 affifines
1136 1221 1242 1263 dolo
1274 1223 1321 1263 et
1352 1221 1528 1263 astucia
1557 1234 1651 1276 per-

95 1279 325 1320 turbando
357 1279 609 1320 humanum
640 1280 909 1334 sanguinem
940 1280 1103 1322 siciens
1132 1280 1402 1330 circumiret,
1435 1280 1652 1321 ultimum

96 1338 324 1379 hortando
364 1351 480 1388 suos,
520 1351 580 1380 ne
619 1339 743 1393 pacis
784 1341 1020 1389 amatores,
1063 1339 1143 1380 sed
1181 1339 1337 1393 pocius
1373 1339 1547 1380 inimici
1579 1339 1652 1380 do-

96 1397 296 1438 mesticis
311 1397 326 1421 2
355 1397 663 1451 persisterent,
698 1397 820 1439 diem
849 1397 1066 1438 ultimum
1097 1397 1262 1439 clausit
1292 1397 1553 1439 infeliciter.

238 1456 390 1505 Avari,
432 1456 510 1509 qui
551 1456 767 1497 dicuntur
797 1455 984 1510 Ungari,
1025 1456 1075 1496 in
1114 1457 1186 1498 his
1215 1456 1498 1510 temporibus
1529 1455 1653 1497 ultra

96 1509 391 1555 Danubiumf
446 1516 742 1568 peragrantes
793 1514 942 1555 multa
990 1514 1270 1556 miserabilia
1320 1516 1650 1569 perpetravere.

95 1572 216 1614 Nam
271 1572 480 1614 homines
531 1575 579 1614 et
628 1572 806 1614 vetulas
863 1575 1094 1614 matronas
1150 1573 1334 1628 penitus
1388 1573 1650 1622 occidendo,

96 1631 361 1673 iuvenculas
399 1633 584 1672 tantum
623 1634 676 1672 ut
715 1632 922 1673 iumenta
960 1645 1042 1686 pro
1079 1631 1271 1674 libidine
1310 1632 1560 1674 exercenda
1590 1644 1652 1673 se-

98 1703 201 1731 cum
230 1690 467 1732 trahentes
498 1692 647 1732 totam
677 1690 962 1732 Pannoniam
1000 1704 1144 1744 usque
1176 1691 1235 1732 ad
1265 1690 1650 1732 internetionemg

98 1749 380 1791 deleverunt.

238 1807 334 1848 Pax
384 1810 589 1862 tempore
641 1809 851 1850 autumni
902 1809 1024 1850 inter
1070 1808 1303 1850 Baioarios
1350 1810 1397 1849 et
1442 1808 1652 1849 Maravos

98 1869 335 1921 compacta
366 1868 448 1908 est.

239 1925 405 1966 Missus
435 1925 601 1967 Leonis
631 1925 916 1980 imperatoris
949 1920 1226 1967 Grecorumh
1263 1926 1322 1967 ad
1351 1938 1506 1980 regem
1539 1924 1652 1966 urbe

98 1979 394 2025 Radasbonai
408 1999 414 2005 ·
429 1983 445 2008 3
475 1984 747 2026 Anastasius
785 1998 888 2026 cum
918 1984 1182 2026 muneribus
1213 1985 1360 2034 venit;
1403 1997 1538 2038 quem
1573 1996 1653 2025 rex

99 2043 276 2084 audivit
307 2045 354 2084 et
385 2042 545 2085 eodem
576 2043 649 2084 die
681 2042 890 2085 absolvit.

825 2156 928 2202 895.

240 2229 484 2272 DOOOXO
492 2230 541 2272 V.
603 2230 764 2273 Fames
786 2231 940 2272 valida
959 2244 1041 2286 per
1060 2231 1321 2273 universam
1341 2230 1655 2272 Baioariorum

99 2289 378 2344 provinciam
415 2289 626 2339 excrevit,
667 2290 735 2331 ita
771 2291 824 2331 ut
855 2303 936 2345 per
965 2289 1164 2345 plurima
1193 2289 1295 2331 loca
1325 2289 1480 2331 inedia
1509 2291 1655 2330 morte

100 2351 487 2390 consumerentur.

240 2403 485 2461 Engildiok
510 2407 789 2449 marahensis
812 2406 1152 2449 Baioariorum4
1181 2407 1430 2449 honoribus
1452 2406 1655 2461 privatus

100 2467 189 2515 est;
237 2466 286 2506 in
327 2466 454 2506 cuius
500 2465 652 2508 locum
691 2461 990 2521 Liutpoldus¹
1038 2479 1178 2521 nepos
1221 2466 1341 2520 regis
1381 2465 1655 2519 subrogatus

101 2527 183 2566 est.
238 2523 565 2578 Hildigardism
595 2524 691 2566 filia
720 2520 1008 2577 Hludowicib
1036 2525 1315 2567 Francorum
1345 2524 1465 2578 regis
1497 2525 1656 2565 contra

100 2582 372 2624 fidelitatem
410 2583 531 2637 regis
572 2596 706 2637 agere
747 2586 972 2634 accusata,
1020 2584 1128 2626 inde
1168 2583 1366 2638 publicis
1407 2582 1654 2624 honoribus

100 2711 129 2739 a)
148 2708 306 2734 vormacia
324 2710 363 2736 3⁶.
374 2715 396 2736 e.
491 2709 521 2739 b)
546 2707 687 2734 ludowici
705 2709 745 2736 32.
835 2711 863 2740 c)
887 2709 1017 2737 zuentib.
1035 2710 1075 2737 30.
1170 2708 1201 2741 d)
1228 2709 1289 2734 fllia
1308 2709 1348 2736 30.
1447 2708 1476 2741 e)
1501 2708 1597 2734 tocius
1616 2708 1656 2735 3ο.

101 2744 124 2776 s)
143 2742 306 2769 <lanuuium
325 2745 365 2771 32.
442 2746 471 2775 g)
491 2744 719 2769 internicionem
738 2745 778 2771 3⁶.
857 2745 888 2775 h)
907 2751 1005 2776 graec.
1023 2745 1070 2777 ³⁶5
1095 2752 1174 2777 grec.
1194 2745 1263 2777 imp.
1282 2745 1322 2772 3e.
1395 2744 1417 2778 ί)
1436 2742 1597 2769 radisbona
1618 2743 1656 2771 30.

101 2778 132 2810 k)
151 2778 299 2811 engildieo
318 2780 358 2807 3⁶.
430 2779 451 2810 l)
470 2778 632 2805 liutboldus
652 2780 691 2807 30,
763 2779 804 2812 m)
822 2778 999 2812 fflltigardis
1018 2780 1058 2807 δε.

104 2872 138 2915 1)
166 2873 234 2906 Ubi
255 2874 452 2917 diplomata
478 2873 559 2908 Iun.
581 2874 616 2909 5.
634 2874 667 2908 6.
686 2874 742 2908 13.
767 2874 854 2907 data
877 2878 960 2907 sunt
984 2873 1139 2915 (Mahlb.
1160 2874 1424 2915 1847—1849).
1520 2873 1556 2916 2)
1580 2873 1611 2908 1.
1628 2883 1655 2908 e.

102 2921 237 2955 vicinis.
363 2920 400 2964 3)
429 2921 496 2954 Ubi
517 2920 654 2954 chartis
686 2920 829 2954 testibus
861 2920 1016 2963 (Mahlb.
1040 2920 1294 2956 1851—1853)
1319 2921 1412 2963 Auy.
1437 2921 1494 2955 26.
1520 2925 1551 2954 et
1575 2921 1655 2955 895.

104 2966 182 3002 Ian.
203 2969 234 3002 1.
259 2972 419 3001 moratus
442 2972 502 3003 est.
598 2967 635 3011 4)
658 2967 711 3000 De
734 2977 802 3011 quo
825 2968 871 3010 cf.
897 2967 1083 3001 Dammler
1106 2967 1179 3010 III,
1202 2979 1240 3011 p.
1265 2968 1347 3010 393,
1373 2978 1408 3003 n.
1433 2969 1468 3003 2.
