2020 3358
389 721 747 779 ANNALES
790 720 1230 777 FULDENSES
1274 721 1380 776 AN
1383 720 1788 787 TIQUISSIMI.

457 960 659 1008 Annales
679 965 914 1008 Fuldenses
934 965 1128 1018 antiquos
1148 964 1412 1019 marginibus
1432 965 1671 1007 tabularum
1693 964 1872 1018 pascha-

315 1025 419 1068 lium
449 1024 681 1077 adscriptos
711 1023 812 1065 olim
838 1023 891 1066 G.
914 1024 975 1065 H.
998 1023 1125 1066 Perta
1143 1023 1192 1066 in
1214 1023 1349 1066 codice
1368 1022 1680 1065 Vindobonensi
1699 1036 1767 1065 nr.
1786 1026 1871 1064 460

316 1081 434 1134 (tunc
462 1082 558 1124 hist.
579 1082 698 1136 prof.
725 1083 831 1136 612)
863 1081 1026 1124 invenit
1054 1086 1102 1134 et,
1135 1085 1338 1135 quantum
1368 1095 1511 1124 eorum
1539 1081 1588 1123 in
1618 1081 1873 1124 membranis

313 1142 484 1184 humore
513 1141 634 1183 valde
665 1139 846 1192 afflictis
877 1140 1008 1194 leyere
1029 1139 1179 1193 potuit,
1217 1139 1266 1182 in
1296 1140 1358 1181 M
1358 1139 1411 1182 G.
1445 1140 1525 1182 SS.
1558 1140 1598 1192 I,
1622 1154 1669 1193 p.
1702 1143 1758 1181 95
1782 1139 1873 1194 pri-

313 1214 427 1242 mum
455 1199 597 1242 edidit.
659 1198 838 1252 Deinde,
872 1212 964 1241 cum
985 1198 1117 1241 eidem
1137 1198 1316 1241 annales
1346 1202 1384 1240 et
1412 1212 1464 1241 ea?
1484 1197 1619 1240 codice
1646 1197 1874 1241 Casselano

314 1258 414 1301 olim
444 1257 653 1300 Fuldensi
688 1271 795 1300 saec.
828 1257 919 1299 IX.
956 1257 1004 1299 in
1037 1257 1117 1300 SS.
1150 1257 1220 1310 II,
1252 1272 1300 1310 p.
1334 1261 1418 1298 237
1460 1256 1569 1311 typis
1606 1256 1800 1299 mandati
1835 1260 1875 1299 et

313 1317 362 1359 in
383 1315 648 1369 Monacensi,
681 1315 780 1358 olim
801 1315 1100 1358 Ratisbonensi
1122 1316 1167 1358 S.
1189 1315 1494 1358 Emmerammi
1523 1329 1591 1358 nr.
1613 1319 1752 1357 14641
1776 1315 1874 1358 item

313 1389 420 1418 saec.
444 1375 535 1416 IX.
557 1375 718 1417 inventi
738 1379 883 1427 essent,
911 1374 1022 1417 idem
1042 1374 1110 1416 vir
1131 1374 1393 1417 doctissimus
1413 1388 1565 1416 novam
1585 1373 1806 1416 editionem
1825 1373 1874 1416 in

317 1434 396 1476 SS.
430 1434 529 1486 III,
559 1448 607 1487 p.
641 1437 722 1475 116
761 1447 782 1475 e
813 1433 946 1475 tribus
975 1433 1064 1475 illis
1095 1432 1303 1475 codicibus
1332 1433 1394 1474 ita
1423 1432 1617 1486 instituit,
1649 1437 1704 1475 ut
1729 1432 1873 1486 primo

315 1493 401 1534 loco
428 1491 660 1545 Casselani,
689 1505 807 1545 quem
829 1491 1169 1544 antiquissimum
1189 1506 1275 1534 esse
1296 1492 1493 1544 censebat,
1522 1492 1700 1534 secundo
1721 1491 1873 1533 Vindo-

315 1550 525 1604 bonensis,
573 1552 632 1593 ad
672 1564 791 1603 quem
827 1550 1160 1604 perquirendum
1199 1550 1324 1592 etiam
1363 1549 1538 1604 exempli
1576 1554 1673 1592 ante
1711 1553 1874 1592 centum

313 1609 465 1662 viginti-
503 1623 640 1651 annos
679 1623 708 1650 a
750 1608 991 1651 Gentilottio
1029 1608 1176 1662 scripti
1215 1608 1457 1651 lectionibus
1495 1622 1597 1650 usus
1635 1612 1711 1661 est,
1753 1607 1873 1650 tertio

313 1667 589 1710 Monacensis
610 1668 786 1721 plenum
816 1671 971 1710 textum
992 1671 1179 1721 poneret.

457 1726 542 1768 Sed
576 1730 674 1779 post
717 1725 839 1768 illum
882 1726 965 1767 Th.
999 1725 1164 1768 Sickel1
1204 1725 1561 1768 Vindobonensem
1604 1725 1873 1779 archetypam

313 1799 399 1827 esse
430 1783 690 1838 arqumentis
727 1789 813 1825 tam
843 1783 1042 1827 dilucidis
1072 1784 1382 1837 demonstravit,
1421 1788 1468 1826 ut
1496 1783 1658 1826 nemini
1686 1783 1776 1825 iam
1805 1797 1874 1826 res

313 1843 362 1885 in
399 1842 523 1885 dubio
561 1842 840 1896 relinquatur.
904 1843 1021 1884 Nam
1059 1856 1151 1885 cum
1190 1843 1397 1896 cyclorum
1435 1841 1870 1895 decennovennalium,

313 1901 386 1955 qui
416 1915 553 1944 annos
576 1905 822 1944 741-854,
851 1901 1173 1955 complectuntur
1184 1903 1211 1954 2,
1244 1905 1327 1943 tres
1358 1905 1520 1943 tantum
1542 1901 1713 1954 priores
1742 1915 1873 1943 manu

305 1960 465 2014 prima,
505 1964 682 2013 quartus
712 1964 750 2002 et
779 1959 950 2013 quintus
980 1960 1126 2012 altera,
1166 1963 1305 2002 sextus
1341 1959 1464 2001 tertia
1494 1961 1679 2012 quadam
1708 1958 1874 2001 exarati

313 2023 421 2072 sunt,
455 2022 542 2061 tum
562 2019 741 2061 annales
771 2018 883 2072 ipsos
902 2032 1031 2071 usque
1061 2020 1121 2060 ad
1150 2033 1190 2060 a.
1212 2022 1309 2060 780.
1332 2022 1407 2060 aut
1429 2022 1526 2060 790.
1558 2019 1702 2060 eadem
1721 2032 1874 2060 manus

304 2077 453 2131 prima
482 2077 661 2130 scripsit,
694 2091 821 2130 quam
851 2076 1000 2119 exinde
1027 2076 1139 2119 aliae
1160 2077 1389 2130 complures
1408 2075 1632 2130 excipiunt.
1683 2077 1875 2130 Amaret

313 2135 445 2189 iyitur
475 2136 639 2178 tabulas
670 2136 798 2177 trium
819 2136 1027 2190 cyclorum
1056 2135 1174 2178 intra
1205 2149 1341 2177 annos
1363 2135 1500 2189 primi
1527 2134 1632 2189 cycli
1661 2134 1874 2177 institutas

314 2198 352 2236 et
381 2194 560 2236 annales
590 2208 618 2235 a
640 2194 783 2247 primo
815 2194 993 2236 librario
1021 2207 1151 2247 usque
1185 2194 1234 2236 in
1265 2193 1432 2236 tertium
1462 2194 1620 2248 cyclum
1647 2194 1874 2247 productos

314 2266 411 2305 esse,
450 2252 512 2294 ita
549 2257 596 2294 ut
624 2252 670 2294 hi
701 2252 892 2294 omnibus
931 2252 1076 2294 ceteris
1114 2252 1162 2295 in
1199 2251 1435 2294 Germania
1472 2251 1640 2305 scriptis
1676 2255 1873 2293 vetustate

314 2311 575 2353 antecellant.
618 2311 847 2353 Praeterea
867 2311 1107 2353 tabularum
1127 2310 1239 2353 ratio
1259 2324 1523 2363 nequaquam
1544 2309 1714 2352 omnino
1731 2311 1873 2352 eadem

314 2374 390 2422 est,
432 2369 637 2422 siquidem
666 2369 815 2423 prima
851 2373 890 2411 et
925 2371 1108 2412 secunda
1137 2369 1327 2423 payinae
1364 2373 1449 2411 octo
1485 2382 1629 2411 versus
1665 2368 1873 2422 cyclorum

315 2441 407 2470 cum
453 2427 797 2482 inscriptionibus
844 2427 987 2470 rubris
1030 2427 1237 2480 exhibent,
1292 2427 1416 2469 tertia
1461 2427 1653 2480 quintum
1693 2440 1870 2480 versum,

313 2486 343 2527 i.
372 2501 406 2528 e.
439 2487 597 2540 cyclum
634 2487 834 2529 lunarum
870 2486 1031 2540 omittit,
1069 2490 1224 2539 quarta
1254 2490 1293 2528 et
1322 2485 1471 2538 quinta
1501 2485 1635 2528 titulis
1665 2485 1806 2528 rubris
1835 2489 1874 2528 et

315 2545 439 2587 lineis
486 2549 630 2587 carent
676 2549 730 2598 et,
785 2558 885 2598 quo
916 2545 1043 2587 latior
1087 2559 1233 2598 maryo
1278 2543 1619 2586 adnotationibus
1663 2543 1873 2586 historicis

313 2608 439 2656 vacet,
480 2604 687 2657 cyclorum
716 2579 904 2646 ‘’versibus
934 2603 1134 2646 artiorem
1166 2603 1298 2646 locum
1330 2605 1567 2655 concedunt,
1608 2606 1726 2645 sexta
1763 2602 1874 2644 nihil

314 2661 401 2703 nisi
431 2675 642 2704 annorum
671 2661 983 2705 incarnationis
1018 2676 1213 2704 numeros
1243 2666 1280 2704 et
1310 2661 1398 2704 dies
1420 2661 1644 2715 paschales
1679 2660 1870 2703 continet.

316 2776 350 2819 1)
375 2777 635 2820 ‘Forschunqen
658 2789 691 2812 z,
716 2777 911 2811 Deutschen
937 2777 1071 2813 Gesch.’
1096 2777 1122 2810 I
1124 2777 1164 2811 V.
1195 2789 1232 2821 p.
1258 2777 1458 2812 454—461.
1573 2776 1609 2819 2)
1637 2776 1744 2809 Totus
1766 2775 1873 2809 codex

313 2828 363 2857 est
393 2828 561 2867 quattuor
594 2824 777 2867 soliorum,
812 2834 962 2868 quorum
996 2825 1059 2866 fol.
1079 2826 1109 2860 1¹
1136 2834 1250 2858 annos
1276 2825 1474 2865 741—759,
1509 2823 1537 2864 f.
1562 2824 1585 2858 2
1618 2833 1653 2858 a.
1672 2823 1869 2864 760—778,

314 2871 341 2912 f.
368 2871 400 2905 2¹
426 2881 460 2905 a.
480 2872 677 2914 779—797,
713 2872 740 2913 f.
767 2873 789 2906 3
813 2882 848 2907 a.
866 2872 1064 2913 798-816,
1100 2872 1128 2913 f.
1155 2873 1187 2906 3¹
1213 2882 1247 2906 a.
1273 2871 1474 2912 817—835‚
1511 2870 1539 2911 f.
1563 2871 1588 2904 4
1611 2880 1646 2904 a.
1670 2870 1870 2905 836—854.

314 2918 474 2960 continet,
497 2919 621 2961 prima
645 2923 676 2951 et
700 2919 829 2951 ultima
852 2919 1007 2961 payinae
1032 2919 1078 2960 (f.
1099 2920 1117 2953 1
1143 2922 1175 2951 et
1199 2919 1253 2960 4¹)
1278 2927 1406 2951 vacuae
1429 2921 1522 2951 sunt.
