2020 3358
362 340 432 375 112
821 336 1099 374 ANNALIUM
1123 337 1455 374 FULDENSIUM

502 458 604 500 Hoc
635 458 902 500 scandalum
933 458 1155 500 antefacti
1186 459 1373 513 puerilis
1400 459 1577 500 consilii
1608 460 1755 514 spatio
1776 461 1914 502 unius

264 534 348 565 (883).
361 517 469 559 anni
522 517 739 566 sentitur;
793 517 902 558 hinc
955 517 1165 570 equidem
1215 530 1308 557 non
1355 518 1688 560 confidentibus
1735 532 1762 559 a
1805 531 1915 572 rege

359 575 512 631 pueris
559 574 734 629 aliquid
778 575 887 616 boni
932 577 1117 629 propter
1158 575 1397 625 delictum,
1446 577 1567 629 quod
1607 577 1655 616 in
1696 577 1909 618 Arbone²

361 634 636 683 commisere,
667 635 952 675 recesserunt
983 635 1334 686 statueruntque
1365 633 1464 675 fieri
1495 635 1700 676 homines
1722 635 1913 685 Arnolfi,

362 692 626 735 Carlmanni
665 692 784 745 regis
825 691 927 741 filii,
975 691 1054 745 qui
1098 693 1211 732 tunc
1251 691 1537 733 Pannoniam
1575 693 1740 734 tenuit.
1812 692 1916 744 Quo

361 751 520 792 audito
561 749 896 805 Zwentibaldus
937 750 1028 790 dux
1067 749 1191 791 misit
1230 749 1416 791 nuntios
1457 750 1516 791 ad
1556 763 1672 799 eum,
1715 751 1781 792 ait
1819 751 1912 793 illi:

363 809 592 850 ‘Inimicos
637 821 762 850 meos
802 809 1053 858 sustentas3
1101 808 1139 849 si
1181 821 1256 850 eos
1295 821 1389 849 non
1429 808 1670 857 dimiseris,
1717 822 1802 851 nec
1841 822 1916 851 me

358 870 514 909 tecum
559 866 850 922 pacificatum
896 865 1114 908 habebis'.
1191 866 1400 908 Alteram
1447 867 1586 908 etiam
1631 868 1916 909 occasionem

361 926 575 967 adversus
617 938 720 967 eum
760 924 974 979 protulit:
1018 924 1117 965 ‘Tui
1153 925 1360 966 homines
1397 925 1446 966 in
1476 925 1619 967 vitam
1651 939 1799 967 meam
1828 939 1916 968 nec

359 985 510 1025 minus
540 984 589 1024 in
608 996 801 1038 regnum
822 996 974 1027 meum
995 982 1150 1024 dolose
1172 995 1275 1024 cum
1291 983 1504 1037 Vulgaris
1527 984 1913 1034 conciliaverunt’,

360 1043 439 1096 qui
478 1042 627 1097 priore
668 1055 788 1082 anno
829 1055 961 1082 suum
999 1054 1192 1095 regnum
1230 1044 1478 1091 vastavere,
1523 1042 1621 1083 ‘hoc
1657 1042 1760 1084 volo
1801 1043 1915 1084 mihi

361 1114 464 1142 cum
499 1101 757 1141 iuramento
788 1112 946 1140 verum
984 1113 1078 1140 non
1117 1112 1214 1141 esse
1255 1100 1537 1150 contestari';
1579 1114 1771 1154 quorum
1809 1114 1916 1142 neu-

358 1161 483 1200 trum
521 1171 739 1211 umquam
777 1170 825 1199 se
864 1157 1096 1198 facturum
1134 1157 1355 1199 Arnolfus
1391 1159 1687 1199 renuntiavit.
1750 1159 1917 1213 Itaque

361 1218 453 1258 dux
498 1230 591 1258 non
637 1216 717 1258 diu
764 1215 968 1257 collectis
1017 1229 1070 1257 ex
1116 1216 1240 1257 omni
1286 1218 1415 1270 parte
1463 1216 1728 1258 Sclavorum
1774 1217 1918 1272 copiis

359 1288 527 1329 magno
579 1288 682 1316 cum
733 1274 934 1316 exercitu
983 1274 1162 1315 invadit
1207 1274 1511 1325 Pannoniam,
1564 1275 1809 1317 inmaniter
1861 1289 1917 1318 ac

362 1336 573 1376 cruenter
603 1346 727 1375 more
758 1333 856 1387 lupi
887 1335 1071 1382 mactat,
1105 1333 1211 1386 igne
1244 1335 1292 1374 et
1320 1333 1442 1374 ferro
1463 1334 1707 1375 maximam
1737 1336 1918 1388 partem

361 1393 582 1442 devastat,
617 1392 784 1433 deterit
816 1393 863 1432 et
895 1391 1134 1441 consumit,
1166 1392 1234 1432 ita
1264 1394 1317 1432 ut
1347 1405 1439 1433 non
1465 1392 1678 1434 inmerito
1698 1392 1835 1434 istam
1856 1393 1915 1434 ad

360 1451 588 1492 miseriam
619 1450 694 1491 hic
725 1463 881 1491 versus
914 1450 1129 1504 conponi:

538 1509 629 1550 Hic
660 1509 808 1563 patrie
839 1508 1052 1562 planctus
1084 1508 1220 1549 simul
1251 1510 1299 1549 et
1328 1508 1587 1550 miserabile
1617 1509 1771 1550 funus.

504 1566 603 1618 Quo
650 1569 752 1609 acto
793 1566 949 1608 dolore
995 1580 1076 1621 per
1121 1566 1407 1608 antefactum
1453 1567 1628 1621 puerile
1674 1567 1915 1608 consilium

361 1627 509 1681 spatio
539 1626 676 1667 unius
706 1625 814 1667 anni
836 1626 929 1666 dux
951 1638 1054 1666 cum
1075 1625 1276 1666 exercitu
1307 1639 1389 1666 suo
1419 1639 1513 1666 non
1543 1625 1665 1667 lesus
1694 1626 1916 1668 remeavit

359 1685 409 1726 in
440 1698 535 1727 sua.

285 1760 347 1786 aaz.
481 1742 694 1785 Ceterum
739 1755 846 1783 vero
891 1742 939 1782 in
943 1740 1100 1783 stanti
1147 1755 1279 1792 anno,
1328 1755 1416 1795 quo
1462 1742 1553 1783 ista
1599 1745 1912 1797 conputamus,
1928 1757 1973 1792 ’ρ
1979 1749 2020 1792 411·

359 1803 527 1844 iterum
559 1802 651 1843 dux
682 1800 924 1854 coagulata
953 1800 1252 1842 multitudine
1285 1800 1515 1842 hostiliter
1549 1801 1599 1840 in
1630 1800 1915 1843 Pannoniam

359 1860 575 1902 hostilem
622 1860 870 1901 exercitum
912 1858 1071 1909 infert,
1119 1861 1192 1909 ut,
1241 1859 1278 1900 si
1318 1859 1429 1912 quid
1469 1861 1606 1901 antea
1644 1862 1912 1910 remaneret,

359 1932 482 1959 nunc
523 1918 651 1972 quasi
691 1931 767 1959 ore
807 1917 906 1972 lupi
949 1930 1030 1972 per
1068 1919 1220 1958 totum
1261 1918 1534 1959 devorasset.
1605 1917 1754 1959 Tanta
1793 1918 1915 1960 enim

359 1977 659 2018 multitudine
689 1977 739 2017 in
768 1977 857 2017 isto
888 1976 1053 2017 itinere
1085 1976 1302 2030 pollebat,
1334 1978 1388 2017 ut
1419 1976 1467 2016 in
1493 1990 1586 2017 uno
1608 1976 1709 2018 loco
1731 1976 1788 2018 ab
1810 1979 1915 2018 ortu

358 2049 501 2090 usque
534 2036 592 2077 ad
622 2048 862 2090 vesperum
901 2034 1017 2075 lucis
1058 2035 1281 2076 exercitus
1321 2035 1417 2076 eius
1449 2035 1667 2089 preterire
1699 2035 1913 2076 cernitur.
1956 2040 1958 2042 ’

361 2094 476 2136 Cum
505 2096 640 2135 tanta
671 2093 793 2135 enim
823 2093 1119 2134 multitudine
1151 2093 1200 2133 in
1226 2106 1367 2147 regno
1389 2093 1567 2134 Arnolfi
1598 2107 1679 2148 per
1699 2093 1798 2134 XII
1819 2094 1915 2135 dies

360 2147 681 2206 exspoliandob
717 2151 997 2201 versabatur,
1031 2152 1227 2202 demum,
1261 2154 1397 2206 prout
1417 2152 1577 2201 voluit,
1610 2165 1821 2206 prospere
1850 2165 1915 2194 re·

358 2224 514 2253 versus
561 2213 648 2260 est,
697 2212 857 2264 postea
902 2223 1079 2263 quoque
1124 2211 1262 2251 missa
1305 2211 1526 2263 quadam⁰
1574 2211 1798 2252 exercitus
1844 2211 1915 2251 sui

359 2272 490 2324 parte
521 2282 658 2323 supra
689 2268 967 2309 Danubium.
1021 2267 1154 2318 Quod
1185 2269 1423 2310 audientes
1455 2268 1539 2309 filii
1561 2268 1836 2310 Willihelmi
1867 2271 1917 2310 et

359 2327 683 2381 Engilscalchi,
726 2327 804 2380 qui
842 2327 1034 2368 maiores
1074 2329 1188 2367 natu
1229 2329 1372 2375 erant,
1414 2327 1654 2380 Megingoz
1691 2329 1743 2368 et.
1773 2327 1912 2381 Papo,

360 2386 631 2440 quibusdam
661 2385 1002 2427 Pannoniorum
1043 2398 1197 2426 secum
1237 2385 1480 2439 assumptis
1522 2387 1681 2426 contra
1716 2385 1819 2426 illos
1850 2386 1917 2426 in·

362 2447 494 2486 caute
524 2446 769 2494 venerunt3
811 2444 891 2485 sed
929 2445 1084 2484 tamen
1124 2456 1324 2498 pugnam
1358 2444 1617 2485 certaminis
1649 2444 1791 2485 iniere
1821 2457 1915 2485 non

359 2503 488 2553 utile,
522 2516 631 2544 nam
662 2503 720 2544 ad
750 2502 854 2543 illos
885 2502 1078 2543 victoria
1108 2502 1344 2543 concessit.
1406 2501 1493 2543 Isti
1523 2502 1634 2555 fuge
1666 2502 1916 2556 presidium

361 2564 602 2616 querentes
627 2561 867 2615 Megingoz
899 2563 945 2602 et
976 2560 1100 2615 Papo
1132 2561 1180 2601 in
1211 2560 1410 2610 flumine,
1443 2560 1521 2614 qui
1553 2561 1721 2602 dicitur
1741 2560 1912 2615 Hrapa‚

361 2621 504 2661 vitam
550 2620 757 2670 finivere3
805 2619 951 2660 frater
989 2632 1095 2660 vero
1137 2619 1378 2661 Berhtoldi
1419 2619 1597 2660 comitis
1612 2619 1627 2643 1
1668 2633 1772 2660 cum
1811 2618 1919 2660 aliis

362 2678 706 2733 quamplurimis
729 2691 756 2719 a
778 2677 1011 2719 Sclavanis
1042 2680 1199 2719 tentus
1226 2680 1307 2719 est.
1370 2678 1642 2726 Attendant,
1676 2673 1909 2718 iudicent‘1

362 2739 500 2790 atque
532 2737 813 2778 contendant
840 2737 1118 2778 detractores
1139 2736 1255 2786 veri;
1290 2739 1336 2777 et
1367 2735 1531 2790 quibus
1559 2736 1695 2776 huius
1726 2735 1917 2776 suasori·

361 2795 447 2837 bus
485 2796 550 2837 rei
589 2795 663 2837 vel
705 2794 881 2836 consilii
921 2795 1168 2848 primordia
1206 2795 1482 2849 placuerint,
1525 2794 1737 2848 placeant
1775 2793 1915 2834 etiam

363 2853 685 2907 subsequentia
724 2853 857 2894 mala.
919 2852 1246 2907 Vituperavere
1287 2855 1441 2894 autem
1480 2865 1650 2906 pacem,
1692 2865 1782 2906 qua
1814 2865 1918 2893 con·

1999 2960 2020 2999 Γ

1998 3005 2007 3035 e

2000 3038 2009 3059 4

362 2957 391 2987 a)
411 2955 517 2981 arbore
538 2956 562 2982 3.
634 2955 665 2986 b)
685 2954 878 2987 expolitando
898 2955 922 2982 3.
995 2956 1021 2985 c)
1041 2953 1167 2986 quedam
1187 2955 1214 2983 3.
1285 2952 1316 2984 d)
1335 2953 1469 2979 indicant
1488 2955 1513 2981 3.

364 3024 398 3069 1)
423 3026 567 3060 Comitis
587 3025 732 3069 palatii,
759 3025 799 3057 (le
823 3035 889 3068 quo
913 3025 958 3066 cf.
977 3024 1162 3057 De‘c’mmler
1186 3024 1258 3067 III,
1282 3035 1320 3067 p.
1339 3025 1419 3059 183.
1444 3025 1525 3059 294.
1551 3025 1633 3060 486.
