2020 3358
285 301 333 336 40
638 297 758 336 ANN.
782 297 928 337 FULD.
953 297 1085 334 PARS
1110 297 1491 343 11..(FULDENSIS)

289 421 449 462 dentes
464 418 479 443 ¹
508 432 701 473 regnum
733 418 898 460 Karli⁸
935 419 1228 474 praedantur.
1291 419 1364 460 Ad
1395 432 1588 472 quorum
1620 418 1840 473 expulsio-

286 491 392 520 nem
411 472 716 519 Hluthariusb
752 477 801 518 in
833 477 1052 518 auxilium
1072 479 1260 518 vocatus
1293 490 1396 518 cum
1427 477 1513 518 sibi
1541 477 1841 531 pugnandum

191 553 275 585 (853).
287 548 384 579 esse
430 549 534 578 cum
578 536 711 578 hoste
760 538 965 590 putaret,
1013 535 1209 576 Karlus⁰
1262 535 1380 576 clam
1426 538 1605 576 mutato
1652 534 1840 576 consilio

288 593 592 637 Godafridum
613 607 718 635 cum
738 594 830 635 suis
855 594 904 634 in
925 594 1191 635 societatem
1211 593 1342 647 regni
1363 594 1563 648 suscepit
1595 596 1641 635 et
1671 596 1840 634 terram

288 654 352 695 eis
394 654 452 694 ad
491 652 846 694 inhabitandum
885 652 1128 706 delegavit.
1189 647 1494 693 Hluthariusb
1530 665 1636 693 vero
1678 652 1841 693 adven-

286 714 388 753 tum
418 725 551 752 suum
580 710 662 752 illo
684 723 1015 766 supervacuum
1034 710 1194 752 videns
1225 710 1284 751 ad
1305 710 1487 764 propria
1516 723 1723 751 reversus
1755 712 1839 751 est.

428 765 630 811 Eodemd
675 782 795 810 anno
835 769 1100 822 gravissima
1145 768 1290 810 fames
1332 767 1604 810 Germaniae
1648 767 1840 822 populos

287 828 528 883 oppressit,
576 827 771 869 maxime
818 827 938 868 circa
976 826 1190 868 Rhenum
1236 826 1521 874 habitantes;
1569 839 1676 867 nam
1722 839 1840 867 unus

286 887 464 928 modius
503 886 560 927 de
589 885 822 927 frumento
853 885 1159 939 Mogontiacie
1196 884 1482 926 vendebatur
1523 884 1680 926 decem
1718 884 1840 925 siclis

286 945 478 999 argenti,
539 943 808 985 Morabatur
847 945 1003 985 autem
1043 956 1096 985 eo
1136 945 1340 997 tempore
1378 938 1654 984 Hrabanusf
1699 943 1840 984 archi-

286 1003 523 1058 episcopus
550 1003 600 1043 in
621 1002 818 1056 quadam
838 1001 950 1043 villa
970 1001 1293 1056 parroechiae&
1318 1015 1438 1050 suae,
1473 1002 1546 1042 cui
1566 1000 1840 1042 vocabulum

286 1062 356 1103 est
395 1055 661 1102 Winkelah·
676 1060 703 1110 ²,
752 1062 799 1102 et
845 1073 1068 1114 pauperes
1114 1059 1171 1101 de
1218 1060 1406 1101 diversis
1452 1059 1564 1101 locis
1603 1060 1840 1101 venientes

285 1114 550 1173 susospiens
583 1113 773 1160 cotidiei
804 1117 908 1172 plus
939 1131 1075 1171 quam
1104 1119 1335 1159 trecentos
1367 1117 1586 1159 alimento
1618 1120 1840 1159 sustenta·
1854 1132 1899 1159 *.
1958 1151 1969 1160 .

285 1177 377 1227 bat,
412 1177 611 1231 exceptis
642 1176 726 1226 his,
760 1176 839 1230 qui
869 1176 918 1216 in
949 1176 1208 1230 praesentia
1239 1175 1363 1216 illius
1395 1176 1574 1217 assidue
1602 1175 1840 1217 vesceban-

284 1231 413 1276 turk.
475 1234 616 1276 Venit
653 1237 809 1276 autem
846 1236 892 1276 et
923 1233 1089 1275 mulier
1127 1234 1352 1287 quaedam
1390 1234 1544 1275 inedia
1583 1247 1700 1288 pene
1741 1247 1840 1275 con·

286 1296 468 1348 sumpta
521 1307 623 1334 cum
669 1292 862 1347 puerulo
908 1291 1099 1347 parvulo
1158 1287 1280 1334 inter
1331 1294 1504 1334 ceteros
1558 1287 1831 1334 refocillaril

287 1352 566 1401 desiderans,
613 1365 747 1405 quae,
796 1351 1061 1405 priusquam
1101 1350 1241 1392 limen
1282 1353 1440 1405 portae
1480 1351 1838 1399 transcenderet,

287 1414 435 1465 praem
472 1410 615 1451 nimia
646 1409 950 1451 inbecillitate
984 1422 1196 1451 corruens
1227 1410 1439 1463 spiritum
1470 1408 1685 1457 exalavit;
1728 1422 1840 1463 puer

286 1482 392 1510 vero
424 1468 675 1510 mamillam
705 1468 864 1509 matris
895 1470 1102 1510 mortuae
1134 1468 1264 1521 quasi
1294 1467 1489 1509 viventis
1522 1468 1578 1509 de
1611 1468 1714 1508 sinu
1745 1481 1841 1522 pro·

286 1528 474 1568 trahens
516 1529 562 1568 et
602 1540 763 1580 sugere
802 1528 1035 1580 temptans
1075 1525 1244 1567 multos
1291 1526 1526 1567 intuentes
1567 1539 1747 1579 gemere
1788 1539 1840 1566 ac

286 1585 395 1627 flere
427 1586 590 1639 coegit.
653 1584 850 1636 Quidam
882 1585 1022 1626 etiam
1051 1584 1101 1625 in
1131 1584 1223 1626 illis
1256 1584 1416 1626 diebus
1448 1585 1504 1625 de
1528 1582 1842 1626 Grabfeldon3

288 1657 391 1685 cum
429 1656 569 1685 uxore
610 1657 692 1685 sua
723 1645 770 1685 et
802 1643 896 1684 filio
926 1645 1086 1684 tenero
1117 1643 1166 1683 in
1197 1642 1497 1696 Thuringiam
1537 1642 1839 1696 proficiscens,

285 1704 339 1743 ut
369 1702 542 1743 malum
572 1702 753 1756 inopiae
790 1704 1046 1756 temperare
1083 1701 1319 1756 potuisset,
1361 1708 1547 1742 uxorem
1587 1701 1636 1740 in
1676 1701 1840 1742 itinere

286 1761 335 1801 in
366 1761 563 1815 quadam
595 1760 709 1802 silva
739 1761 914 1815 positus
946 1759 1114 1801 affatus
1152 1762 1242 1801 est:
1286 1759 1491 1809 ‘Nonne',
1533 1759 1696 1812 inquit,
1741 1759 1840 1800 ‘me-

285 1819 374 1860 lius
421 1821 508 1868 est,
563 1821 617 1860 ut
671 1832 864 1873 puerum
918 1819 1058 1859 istum
1110 1818 1368 1860 occidamus
1416 1820 1462 1859 et
1514 1818 1840 1859 manducemus

287 1891 443 1919 carnes
485 1878 594 1927 eius,
636 1891 773 1931 quam
809 1890 965 1918 omnes
995 1876 1150 1918 inedia
1181 1875 1548 1918 consumamur?
1612 1875 1704 1916 Illa
1734 1889 1841 1917 vero

287 1936 642 1984 contradicente,
684 1949 742 1977 ne
781 1938 966 1976 tantum
1007 1934 1153 1976 scelus
1191 1935 1511 1984 committeret,
1552 1935 1741 1976 tandem
1771 1948 1841 1974 ur-
2015 1969 2020 1980 ,

286 1997 423 2048 gente
452 1994 575 2037 fame
615 1994 763 2035 filium
802 2007 883 2048 per
912 1994 1004 2035 vim
1042 1994 1098 2035 de
1130 1993 1328 2035 brachiis
1359 1994 1513 2047 rapuit
1544 1993 1762 2034 maternis
1794 1995 1841 2034 et
1961 2002 1963 2004 ’
2014 1995 2020 2039 ξ

285 2053 572 2094 voluntatem
612 2054 747 2107 'opere
786 2052 1068 2107 complesset,
1109 2052 1198 2093 nisi
1229 2051 1355 2093 Deus
1386 2051 1520 2092 illum
1551 2065 1633 2092 sua
1663 2051 1841 2092 misera·
2016 2056 2020 2063 ‘

285 2111 412 2152 tione
444 2112 764 2165 praevenisset.
827 2110 958 2160 Nam,
1001 2111 1120 2152 sicut
1159 2111 1282 2152 idem
1321 2112 1479 2164 postea
1510 2110 1559 2150 in
1589 2109 1842 2162 Thuringia

287 2169 460 2224 positus
491 2169 700 2223 plurimis
730 2168 905 2218 retulit,
940 2182 1043 2210 cum
1075 2169 1359 2222 evaginasset
1391 2168 1609 2222 gladium,
1642 2170 1695 2207 ut
1726 2180 1840 2208 mac-

287 2308 315 2337 a)
333 2306 430 2331 lui-oli
450 2307 474 2333 1.
493 2306 518 2333 2.
589 2306 620 2336 b)
641 2305 733 2332 hloth.
753 2306 777 2332 1.
795 2306 820 2332 2.
893 2307 920 2336 e)
939 2305 1066 2330 Karolus
1087 2306 1112 2332 1.
1131 2305 1164 2336 ἒς
1185 2303 1288 2329 Cat-lus
1309 2304 1334 2330 3.
1407 2302 1436 2334 d)
1458 2302 1571 2329 Eodem
1590 2311 1668 2328 anno
1688 2317 1721 2321 —
1743 2310 1775 2336 sve
1795 2311 1842 2328 re-

288 2344 428 2366 crearunt
447 2342 503 2368 dee.
521 2341 547 2368 2.
649 2343 676 2370 e)
695 2341 879 2372 mogonciaci
899 2341 923 2367 1.
1025 2340 1049 2370 f)
1069 2340 1218 2364 rhabanus
1240 2341 1269 2371 13
1300 2339 1427 2364 rabanus
1447 2339 1472 2365 3.
1571 2340 1600 2370 g)
1619 2338 1797 2372 parrochiae
1815 2339 1840 2365 3.

287 2376 318 2406 h)
338 2376 474 2401 winzella
492 2376 518 2403 3.
608 2376 628 2406 i)
649 2374 773 2401 cottidie
794 2377 818 2402 1.
917 2375 947 2405 k)
974 2375 1002 2399 in
1021 2375 1074 2399 hoc
1092 2375 1176 2399 verbo
1195 2375 1295 2405 finitur
1315 2375 1415 2398 tertius
1433 2374 1538 2398 codicis
1556 2374 1572 2398 3
1591 2374 1751 2405 quaternio,
1773 2376 1841 2404 post

283 2418 366 2443 quem
378 2414 499 2443 quartus
511 2411 624 2442 excidit,
645 2411 709 2435 inde
729 2419 746 2435 a
766 2411 875 2435 bantur
888 2417 973 2442 usque
986 2411 1025 2434 acl
1038 2410 1226 2435 Hlotharium
1246 2410 1275 2434 in
1289 2416 1316 2436 a.
1329 2410 1389 2435 860.
1403 2410 1568 2440 pertinen&
1583 2416 1638 2439 per
1651 2409 1703 2432 hoc
1715 2409 1841 2439 spatium

287 2446 368 2473 codd.
387 2447 469 2471 30—e
492 2453 527 2471 ez·
545 2446 597 2470 illo
616 2446 761 2470 derivatos
780 2448 804 2470 et
823 2446 943 2470 Freheri
961 2445 1109 2470 editionem
1130 2445 1182 2475 (F)
1207 2446 1335 2475 consero,
1362 2445 1403 2468 ita
1425 2447 1528 2473 tamen,
1554 2447 1584 2467 ut
1605 2446 1725 2474 praeter
1747 2450 1842 2468 omnes

256 2509 259 2511 ,
287 2482 434 2506 nominum
454 2481 648 2513 propriorum
673 2482 788 2511 formas
812 2487 860 2505 eas
885 2483 995 2504 tantum
1020 2481 1150 2505 lectiones
1175 2487 1271 2504 eor-um
1298 2480 1439 2510 adnotent,
1466 2480 1495 2503 in
1519 2479 1619 2510 quibus
1644 2480 1701 2503 duo
1724 2479 1843 2503 librario·

287 2519 454 2547 congruunt.
526 2516 547 2547 l)
567 2516 717 2541 refocilari
739 2517 763 2543 l.
783 2516 821 2542 30.
895 2518 934 2546 m)
953 2522 1007 2549 pre
1028 2517 1052 2543 1.

289 2632 324 2676 1)
339 2633 372 2666 A
388 2633 444 2665 die
465 2632 534 2668 Oct.
554 2635 608 2668 13.
633 2644 668 2668 a.
685 2633 767 2668 850.
792 2643 898 2676 usque
922 2632 970 2665 ad
986 2632 1067 2666 Ian.
1085 2632 1117 2667 5.
1143 2642 1178 2666 α.
1194 2631 1277 2666 851.
1302 2641 1358 2664 eos
1377 2632 1415 2664 in
1432 2630 1633 2673 reyimaibus
1649 2630 1842 2663 adiacenti-

289 2680 352 2712 bus
374 2684 529 2713 versatos
552 2691 622 2713 esse
647 2679 846 2713 Chronicon
870 2679 1133 2713 Fontanellense
1157 2689 1190 2713 a.
1209 2679 1289 2713 851.
1316 2679 1502 2711 memoriae
1523 2677 1657 2720 prodit.
1707 2677 1841 2709 Iterum

287 2727 368 2761 852.
397 2726 466 2761 Oct.
492 2727 524 2761 9.
559 2727 788 2760 Nordmanni
813 2726 1009 2768 Godofrido
1040 2726 1124 2758 duce
1147 2727 1187 2758 in
1212 2725 1411 2768 Sequanam
1436 2725 1559 2757 invecti
1582 2727 1685 2761 sunt,-
1718 2727 1841 2756 contra

288 2783 372 2816 quos
396 2773 557 2806 Karolus
580 2784 657 2806 cum
682 2773 857 2807 Lothario
886 2774 1064 2816 Jnvfectus
1097 2783 1131 2807 α.
1156 2773 1237 2807 853.
1267 2782 1378 2805 mense
1402 2771 1481 2805 Ian.
1507 2775 1570 2803 aut
1594 2770 1698 2803 Febr.
1721 2780 1841 2813 pacem

289 2821 534 2863 turpissimam
559 2821 649 2861 fecit.
689 2821 744 2862 Cf.
762 2820 948 2854 Du'mmler
973 2819 1003 2862 I,
1027 2831 1064 2863 p.
1082 2820 1281 2854 353—355.
1378 2819 1413 2860 2)
1436 2817 1574 2850 Winkel
1599 2818 1700 2857 infra
1719 2816 1842 2857 E'lfeld

289 2867 328 2899 in
351 2866 479 2899 dextra
497 2867 611 2900 Rheni
634 2868 729 2911 ripa.
765 2868 805 2902 P.
879 2867 914 2910 3)
938 2867 1058 2910 Payus
1082 2877 1243 2908 maynus,
1270 2867 1309 2898 iu
1334 2874 1400 2908 quo
1425 2865 1540 2907 ipsum
1557 2863 1695 2896 Fuldae
1722 2873 1843 2896 mtma-

288 2914 435 2946 sterium
459 2914 566 2946 situm
591 2918 679 2949 erat.
717 2914 757 2949 P.
