2020 3358
383 307 462 343 XII
1008 305 1311 343 PRAEFATIO.

527 425 567 481 3)
598 426 654 468 A.
692 425 864 469 Chesnii
902 425 951 468 in
981 425 1202 468 Historiae
1232 425 1502 467 Francorum
1541 424 1791 478 scriptorum
1828 428 1935 466 tomo
2002 412 2008 416 ἡ

386 486 456 527 II.
488 484 631 527 Paris.
663 499 704 526 a.
730 488 856 526 1638.
888 498 939 526 eoe
969 484 1169 526 ambabus
1198 483 1287 525 illis
1317 484 1529 536 conflata,·
2003 490 2005 492 '

527 541 568 598 4)
606 542 663 585 B.
711 542 763 586 G.
806 542 969 585 Struvii
1013 542 1061 584 in
1106 541 1288 584 Freheri
1334 541 1616 595 Scriptoribus
1660 539 1937 594 Aryentorati
2005 575 2008 578 .

385 617 425 644 a.
452 605 577 644 1717.
611 602 745 644 denuo
784 600 906 643 editis
941 600 1079 654 editio,
1118 599 1247 642 annis
1278 603 1363 642 882
1375 604 1525 642 —887.
1566 601 1771 642 secundae
1800 613 1936 642 recen·
2006 599 2011 601 ’

384 660 545 702 sionis¹
576 664 614 702 et
643 660 730 712 fine
760 659 897 713 operis
926 659 979 700 ab
1010 673 1050 700 a.
1084 660 1205 701 900.²
1244 662 1369 701 aucta
1408 661 1462 700 et'
1485 672 1535 700 ex
1565 657 1816 700 editionibus
1837 671 1935 711 pro-

376 718 634 772 pinquorum
665 731 833 772 operum
864 721 1070 770 correcta,·

411 825 413 827 ¹
526 773 568 831 5)
599 777 667 818 M.
697 775 906 829 Bouqueti
941 775 989 818 in
1019 775 1141 818 tomis
1171 775 1242 817 II.
1274 775 1322 817 V.
1355 775 1433 817 VI.
1466 775 1574 817 VII.
1606 774 1744 816 VIII.
1777 774 1937 816 Rerum
2009 763 2010 766 Ἴ

385 834 695 878 Francicarum
720 839 758 877 et
784 833 1050 877 Gallicarum
1069 833 1318 888 scriptorum
1339 833 1483 875 Paris.
1516 848 1557 874 a.
1583 837 1709 874 1757.
1731 846 1831 886 sqq„
1863 831 1937 886 qui
2008 855 2010 859 ν

384 893 533 936 ultima
563 893 729 946 lacuna,
770 907 876 946 quae
906 892 954 934 in
984 892 1113 935 annis
1145 895 1242 934 894.
1278 896 1376 935 895.
1417 895 1689 944 remanserat,
1731 905 1759 933 a
1795 889 1936 933 Genti-
2003 894 2007 897 ’

386 951 498 994 lottio
529 967 550 994 e
581 951 715 994 codice
747 956 796 994 30
826 951 1015 1004 eoepIeta³
1037 950 1207 1004 primus
1228 951 1403 1004 plenum
1434 954 1587 992 textum
1609 949 1808 1003 praebuit
1817 964 1833 1002 ,·

528 1009 568 1064 6)
595 1010 648 1053 G.
671 1010 731 1052 H.
755 1009 916 1052 Pertzii
945 1009 994 1051 in
1014 1010 1075 1051 M
1076 1009 1129 1051 G.
1154 1009 1233 1051 SS.
1259 1009 1298 1062 I,
1323 1024 1371 1063 p.
1394 1012 1639 1061 337—415,
1673 1008 1746 1061 qui
1767 1007 1938 1062 primus
2015 1031 2020 1068 3

385 1069 432 1111 in
462 1068 562 1110 solis
592 1068 713 1110 libris
742 1082 874 1110 manu
903 1067 1071 1121 scriptis
1101 1067 1267 1121 optimis
1297 1071 1450 1110 textum
1481 1067 1726 1110 constituere
1755 1066 1937 1119 studuit,·
2016 1071 2020 1099 ἓ

385 1141 406 1169 e
442 1126 590 1179 quibus
626 1126 963 1169 Vindobonenses
1007 1125 1094 1179 ipse
1141 1125 1365 1178 consuluit,
1414 1125 1754 1168 Schlettstadensi
1799 1129 1937 1167 autem
2018 1124 2020 1126 ’

387 1185 499 1228 curis
550 1184 650 1227 Chr.
694 1185 762 1226 M.
806 1183 1088 1237 Enyelhardti
1132 1183 1504 1237 Aryentoratensis
1540 1197 1701 1237 parum
1745 1187 1939 1226 accurate

386 1244 532 1286 collato
562 1247 600 1285 et
629 1242 865 1295 Altahensi,
903 1242 976 1296 qui
1006 1246 1105 1284 tunc
1135 1242 1297 1294 latebat,
1331 1256 1352 1284 e
1388 1241 1568 1284 Christii
1598 1240 1939 1284 adnotationibus
2018 1260 2020 1263 ’

385 1317 487 1344 usus
516 1306 587 1344 est.

527 1362 602 1402 Ad
639 1360 748 1402 hanc
785 1359 1005 1402 editionem
1039 1373 1060 1401 e
1090 1363 1300 1401 stemmate
1339 1373 1470 1412 supra
1510 1358 1726 1401 constituto
1764 1362 1940 1411 apparet

386 1419 494 1461 solos
530 1418 686 1461 codices
720 1422 757 1460 1.
791 1422 830 1459 2.
864 1422 889 1459 3
930 1417 1187 1460 adhibendos
1217 1431 1314 1470 esse,
1356 1417 1444 1459 nisi
1474 1416 1606 1459 codici
1638 1420 1663 1457 3
1694 1416 1939 1469 aliquantae

378 1481 526 1531 partes
561 1479 744 1519 deessent
779 1490 914 1519 annos
951 1480 1195 1517 850—860.
1231 1479 1477 1518 869—881.
1510 1478 1756 1517 894—895.
1793 1478 1939 1517 900-—

389 1540 487 1577 901.
511 1536 742 1589 complexae
751 1550 767 1588 ,·
797 1549 903 1588 quas
933 1536 991 1576 ad
1019 1535 1271 1588 supplendas
1302 1533 1427 1576 etiam
1459 1533 1615 1576 codices
1639 1533 1737 1575 inde
1759 1533 1939 1575 derivati

388 1594 646 1647 Frelzerique
676 1593 801 1636 editio
833 1593 1088 1645 conferenda
1117 1597 1229 1635 sunt.

529 1653 725 1706 Ipsorum
755 1656 892 1694 autem
923 1652 1125 1694 librorum
1159 1655 1196 1693 1.
1222 1655 1261 1693 2.
1286 1655 1325 1704 3,
1357 1651 1429 1693 ubi
1459 1651 1570 1693 inter
1599 1665 1642 1692 se
1673 1649 1936 1703 dissentiunt,

388 1725 471 1765 qua
508 1710 672 1753 ratione
712 1710 976 1753 aestimanda
1020 1710 1075 1752 sit
1114 1709 1360 1763 auctoritas,
1407 1709 1495 1751 iam
1526 1707 1807 1763 exponamus.
1879 1709 1938 1751 In
1993 1717 1998 1722 '

378 1769 526 1823 prima
556 1770 768 1822 alteraque
789 1768 987 1822 partibus
1012 1767 1143 1811 codici
1164 1773 1203 1821 3,
1237 1782 1329 1811 cum
1359 1782 1388 1810 a
1419 1767 1563 1810 ceteris
1594 1767 1812 1821 discrepat,
1837 1767 1939 1820 plus

387 1828 662 1880 tribuendum,
699 1827 898 1880 quoniam
927 1827 1009 1880 ille,
1050 1826 1136 1869 nisi
1166 1828 1360 1869 mendum
1390 1831 1578 1880 apertum
1609 1831 1679 1879 est,
1712 1840 1732 1868 e
1763 1826 1938 1878 Rudolft

387 1887 606 1940 arclaetypo
639 1884 722 1940 (R)
755 1885 943 1928 hausisse
973 1885 1278 1927 eoeistimandus
1316 1889 1386 1938 est,
1427 1900 1518 1927 cum
1557 1885 1603 1926 hi
1642 1884 1853 1927 lectionem
1885 1885 1938 1926 ab
2012 1931 2015 1933 ,

387 1949 552 1987 auctore
582 1944 751 1998 primae
789 1943 1044 1987 recensionis
1080 1947 1283 1985 mutatam
1320 1943 1510 1986 exhibere
1548 1943 1783 1986 videantur.
1855 1942 1939 1986 Ubi

387 2007 524 2045 autem
555 2007 580 2045 2
612 2007 650 2045 et
681 2007 705 2044 3
729 2002 835 2057 pari
864 2004 983 2045 modo
1014 2018 1042 2044 a
1073 2001 1208 2045 codice
1235 2006 1260 2043 .1
1294 2001 1508 2055 differunt,
1542 2002 1663 2055 hunc,
1696 2001 1783 2043 nisi
1813 2001 1939 2043 libra-
1961 2002 1964 2003 ⁷

387 2062 479 2103 rius
509 2062 658 2115 palam
689 2061 858 2114 erravit,
891 2061 1061 2115 primae
1099 2060 1365 2114 recensionis,
1407 2060 1503 2102 illos
1540 2061 1746 2103 secundae
1785 2064 1940 2102 textum

387 2119 576 2162 exhibere
620 2119 845 2162 verisimile
890 2124 968 2173 est,
1013 2119 1076 2161 ita
1114 2123 1160 2161 ut
1200 2124 1346 2162 contra
1390 2119 1557 2161 solitum
1601 2133 1723 2161 usum
1761 2117 1810 2160 in
1848 2118 1939 2171 ipso

386 2178 545 2221 maiore
583 2192 755 2221 numero
792 2193 951 2232 semper
989 2178 1129 2220 minor
1167 2177 1271 2219 insit
1301 2177 1529 2220 auctoritas
1538 2192 1555 2230 ,·
1595 2181 1620 2218 2
1653 2181 1804 2230 tamen,
1846 2190 1939 2219 cum

386 2237 498 2279 solus
528 2237 672 2280 ceteris
702 2239 846 2291 obstat,
887 2236 1048 2279 nullius
1084 2236 1346 2278 auctoritatis
1383 2240 1454 2278 est.
1517 2237 1575 2277 In
1606 2235 1731 2277 tertia
1753 2239 1879 2288 parte
1915 2239 1935 2276 1

378 2296 612 2350 praevalet,
657 2296 759 2349 quia
797 2297 856 2338 ad
893 2295 1160 2350 archetypum
1190 2294 1359 2348 primae
1398 2294 1653 2336 recensionis
1692 2293 1800 2336 redit
1808 2308 1824 2346 ,·
1866 2295 1941 2335 sed

387 2354 562 2396 alterius
599 2368 756 2408 quoque
786 2353 1040 2397 recensionis
1071 2353 1273 2406 lectiones,
1315 2367 1420 2406 quae
1451 2352 1658 2395 codicibus
1690 2356 1715 2393 2
1747 2356 1785 2394 et
1815 2357 1841 2393 3
1873 2366 1937 2394 ex-

387 2412 591 2466 hibentur,
624 2412 828 2466 siquidem
848 2427 898 2456 ea
918 2412 1099 2455 eiusdem
1120 2411 1304 2454 auctoris
1324 2415 1394 2465 est,
1426 2411 1474 2453 in
1497 2415 1651 2453 textum
1676 2410 1939 2464 recipiendae

387 2475 496 2514 sunt.
564 2473 683 2525 Quod
710 2471 773 2513 ita
802 2471 896 2524 feei,
937 2475 983 2513 ut
1014 2485 1075 2524 ea,
1115 2484 1221 2524 quae
1257 2474 1402 2513 auctor
1423 2471 1640 2523 postmodo
1671 2469 1849 2522 addidit,
1881 2483 1938 2511 se-

388 2531 568 2573 cundum
597 2530 764 2572 solitum
793 2543 948 2572 morem
977 2529 1098 2572 uncis
1133 2528 1354 2582 quadratis
1391 2528 1657 2581 includerem,
1699 2542 1749 2570 ea
1787 2532 1936 2580 autem

388 2602 492 2641 quae
512 2588 560 2630 in
581 2589 715 2630 altera
735 2588 972 2631 recensione
993 2587 1147 2630 omissa
1167 2591 1276 2640 sunt,
1308 2587 1514 2629 rotundis.
1576 2586 1706 2628 Finis
1734 2587 1938 2628 secundae

388 2647 641 2689 recensionis
671 2648 722 2688 ab
753 2662 794 2689 a.
818 2651 916 2689 882.
948 2660 1076 2700 usque
1103 2647 1161 2688 ad
1180 2660 1219 2687 a.
1245 2650 1343 2688 887.
1376 2646 1423 2687 in
1454 2660 1538 2688 uno
1569 2645 1704 2688 codice
1725 2648 1751 2686 2
1783 2648 1938 2697 exstat,·

391 2785 425 2827 1)
449 2785 539 2826 Quos
561 2785 765 2819 Lambecius
788 2796 805 2819 e
828 2786 939 2819 codice
962 2786 985 2820 2
1010 2786 1049 2818 in
1067 2784 1252 2819 Comment.
1278 2785 1319 2818 de
1343 2783 1500 2819 biblioth.
1527 2783 1622 2818 Caes.
1640 2783 1743 2818 Vina.
1770 2782 1823 2825 II,
1849 2794 1877 2818 c.
1895 2783 1934 2825 V,

385 2843 423 2875 p.
440 2833 509 2866 345
526 2842 596 2874 sqq.
618 2833 754 2875 publici
776 2833 871 2866 iuris
894 2833 1034 2874 fecerat.
1130 2831 1166 2875 2)
1189 2832 1387 2865 Leibnitius
1409 2840 1461 2874 ea,
1488 2841 1576 2874 quae
1599 2830 1756 2863 Frehero
1779 2830 1934 2872 deerant,

389 2879 428 2910 in
444 2878 572 2922 Script.
589 2889 660 2913 rer.
678 2880 862 2915 Brunsvic.
881 2879 911 2922 I,
926 2891 964 2923 p.
980 2879 1047 2914 192
1070 2889 1086 2912 e
1103 2879 1341 2920 Bruxellensi,
1368 2883 1449 2911 tunc
1466 2878 1712 2920 Antwerpensi
1732 2877 1844 2910 codice
1859 2878 1936 2919 (3⁴³)

388 2925 556 2960 ediderat.
646 2926 681 2968 3)
704 2926 749 2958 In
774 2926 974 2959 Muratorii
996 2926 1079 2960 Ber.
1105 2926 1190 2961 Ital.
1215 2927 1335 2969 script.
1361 2929 1452 2959 tomo
1477 2924 1528 2958 II.
1550 2928 1655 2968 parte
1679 2923 1730 2958 II.
1753 2935 1790 2967 p.
1810 2924 1889 2958 119.
