2020 3358
20 334 39 494 emus
29 307 36 319 ..
28 263 35 284 μ
31 247 37 253 ,.

500 306 740 343 AUCTORE
763 305 1044 342 EINHARDO.
1093 306 1140 342 A.
1159 308 1359 344 764—778.
1690 308 1712 343 9

156 425 278 460 dent.
397 423 552 459 Carlusa
581 421 730 458 orandi¹
755 422 872 468 gratia
895 421 1053 457 Romam
1076 422 1178 457 vadit
1208 425 1254 457 et
1285 423 1338 458 ab
1363 423 1536 458 Adriano
1566 423 1591 458 h
1602 434 1623 458 o
1634 434 1658 458 n
1669 435 1713 459 o·
1727 418 1888 446 &sm-⁶²

155 472 195 507 ri
204 472 224 507 f
228 472 241 506 i
249 483 269 507 c
279 483 300 507 e
324 482 451 515 suscep
461 473 478 504 t
487 482 511 504 u
520 481 536 504 s
561 473 726 504 sanctum
751 469 849 504 diem
872 468 1054 514 paschaeb
1085 480 1169 504 cum
1194 469 1332 504 laetitia
1339 476 1355 496 θ
1389 470 1532 505 celebra
1541 469 1598 506 td.
1727 454 1795 482 ⁰¹²¹·
1802 454 1835 482 Β·
1845 454 1901 487 m’
1909 454 1934 482 ⁶·

295 515 591 553 DCCLXXIHI.
631 515 891 560 Langobardje
915 515 1103 551 obsidione
1119 516 1275 561 pertaesi
1286 515 1303 542 f
1323 528 1348 562 p
1359 528 1380 551 a
1388 529 1408 551 r
1416 517 1429 551 i
1437 520 1454 551 t
1463 528 1482 551 e
1492 528 1512 551 r
1528 528 1610 551 cum
1627 528 1714 562 rege
1727 525 1766 552 ib.

155 565 343 600 Desiderio
368 564 604 610 egrediuntur
628 563 675 598 ad
696 574 832 609 regem.
881 562 901 597 I
911 563 923 597 l
933 563 975 598 le
1000 574 1087 598 vero
1112 563 1147 598 al
1156 566 1172 598 t
1182 574 1202 598 e
1211 575 1253 598 ra
1278 563 1336 598 die
1362 575 1445 598 cum
1470 563 1612 607 hymnis
1626 570 1648 596 g
1677 567 1715 598 et

154 611 320 647 laudibus
337 612 417 646 urb
425 622 488 646 em
505 610 713 655 ingrediens
729 610 918 645 thesauros
934 621 1062 656 regum
1078 613 1242 655 repertos
1259 611 1435 645 exercitui
1451 610 1523 644 dis
1533 612 1550 644 t
1558 621 1577 644 r
1586 610 1599 644 i
1608 611 1632 645 b
1643 623 1667 644 u
1676 611 1688 644 i
1698 614 1715 645 t

155 663 193 695 et
208 662 379 694 cunctum
395 657 524 693 Italiae
540 669 694 702 regnum
719 657 871 702 adeptus
888 657 1094 702 regreditur
1113 657 1151 692 in
1168 657 1359 692 Franciam
1366 657 1388 684 h
1395 684 1404 701 ,
1430 657 1565 692 ducens
1590 668 1713 692 secum

154 706 382 741 Desiderium
419 717 440 740 0
449 717 473 739 ιι
481 717 519 739 ιιι
556 705 711 749 coniuge
747 705 835 740 eius.
890 703 1087 749 Adalgisus
1123 704 1218 739 filius
1253 704 1328 739 eius
1361 704 1713 749 Constantinopolim
1727 712 1762 739 A.
1772 711 1846 740 sith.

155 753 259 799 fugit.
400 751 421 787 I
430 764 455 786 n
465 755 481 786 t
491 763 511 787 e
520 763 540 786 r
549 763 569 787 e
580 763 600 786 a
630 751 791 787 Saxones
823 751 863 785 in
886 751 965 786 Hes
975 763 991 786 s
1001 751 1039 786 is
1051 752 1064 770 ²
1095 750 1321 786 Francorum
1354 752 1529 787 terminos
1558 754 1712 787 vastant.
1727 758 1761 786 A.
1772 759 1859 786 Laur.

155 800 273 835 Erat
309 802 465 834 autem
501 799 570 834 ibi
605 799 644 833 in
681 799 780 843 loco,
817 798 879 842 qui
914 801 1120 833 vocatur
1155 798 1364 843 Friteslar,
1402 799 1566 842 basilica,
1604 810 1713 843 quam

156 850 258 883 sanct
266 859 291 882 u
300 858 316 882 s
341 846 543 882 Bonifatius
554 845 565 872 i
591 848 730 890 martyr
741 845 765 872 k
794 846 908 880 olim
932 845 957 880 d
967 856 987 880 e
997 845 1022 880 d
1032 845 1045 880 i
1054 857 1074 880 c
1083 857 1105 880 a
1114 857 1138 880 ιι
1149 858 1165 880 s
1189 846 1368 891 propheti
1379 857 1398 881 c
1409 857 1430 881 o
1456 846 1585 891 spiritu
1609 857 1713 880 num-

156 906 265 939 quam
298 894 406 940 igne
440 892 707 929 cremandam
742 904 845 928 esse
877 892 1100 938 praedixitl.
1150 891 1234 928 Cui
1267 905 1368 928 cum
1401 893 1577 939 pagani
1610 895 1712 927 toto

155 942 262 976 nisu
285 941 425 987 ignem
449 941 724 986 subponere
749 942 1062 984 conarentur,
1088 939 1216 974 divino
1235 951 1370 985 pavore
1386 940 1571 985 perterriti
1588 939 1713 984 fugae

155 987 493 1034 praesidiumm
527 989 730 1023 sumunt.
778 986 861 1022 Duo
893 998 1095 1031 namque
1128 987 1276 1022 iuvenes
1306 987 1345 1021 in
1375 987 1593 1022 vestibus
1624 987 1714 1021 albis

155 1036 340 1070 basilicam
365 1035 410 1069 ab
434 1035 519 1080 igne
544 1034 569 1068 d
579 1045 599 1069 e
609 1034 653 1069 fe
663 1046 688 1068 ιι
697 1034 843 1078 debant,
878 1046 901 1078 q
910 1046 935 1068 ιι
945 1045 966 1069 0
978 1046 994 1068 s
1019 1045 1039 1069 e
1049 1036 1066 1068 t
1090 1033 1292 1069 christianis
1318 1046 1338 1069 e
1348 1037 1364 1068 t
1387 1035 1412 1069 b
1423 1046 1444 1068 a
1453 1047 1472 1069 r
1481 1034 1505 1069 b
1517 1045 1537 1068 a
1546 1034 1611 1068 ris
1637 1033 1713 1078 qui-

155 1082 308 1118 busdam
333 1081 573 1116 divinitus
598 1081 760 1116 videre
785 1092 1066 1116 concessum
1091 1084 1174 1126 est3
1199 1093 1293 1116 unus
1317 1084 1476 1116 tamen
1502 1093 1547 1116 ex
1571 1081 1714 1115 hosti-

155 1130 240 1164 bus
265 1130 392 1164 iuxta¹¹
413 1129 599 1164 basilicam
623 1128 772 1163 flexis
795 1128 949 1173 genibus
966 1128 1115 1164 adclinis
1131 1128 1245 1174 lignis
1263 1131 1300 1163 et
1315 1129 1397 1174 igni
1421 1129 1714 1172 incumbens,

157 1176 320 1222 specie
351 1176 498 1210 flantis
522 1179 747 1220 repertus
779 1177 833 1210 est
856 1179 1032 1212 mortuus.
1175 1175 1262 1210 His
1288 1178 1412 1220 temp
1424 1176 1589 1210 oribus
1615 1175 1714 1210 dedi·
1727 1180 1937 1212 cumulum.

158 1227 247 1259 cata
271 1226 343 1258 est
365 1223 390 1258 b
402 1223 571 1258 asilica
596 1222 711 1257 sancti
731 1221 876 1257 Nazarii
899 1234 935 1257 m
947 1222 1153 1267 artyris0
1184 1223 1222 1256 in
1239 1222 1463 1258 Lauresham
1476 1229 1512 1267 Ι),
1539 1225 1576 1258 et
1600 1225 1714 1257 trans-

157 1271 240 1306 lata
264 1273 376 1305 sunt
400 1281 506 1304 ossa
531 1269 624 1304 eius
648 1269 686 1303 in
710 1269 843 1304 illam
859 1275 895 1306 q·

297 1316 547 1352 DCCLXXV.
596 1315 722 1351 Carlus
730 1323 750 1342 ἃ
777 1315 964 1352 Saxonum
997 1315 1187 1361 perfidiam
1219 1316 1316 1351 ultus
1350 1327 1475 1351 omnes
1508 1327 1635 1351 eorum
1660 1327 1714 1351 re·
1728 1322 1763 1349 A.
1773 1321 1848 1349 sith.

155 1364 281 1409 giones
304 1363 401 1398 ferro
419 1366 456 1398 et
471 1363 547 1408 igni
558 1370 574 1389 r
597 1363 839 1408 depopulatur
847 1369 863 1390 S
873 1390 882 1406 ,
899 1362 1135 1409 Sigiburgum
1153 1365 1311 1398 castrum
1329 1374 1348 1398 c
1355 1363 1448 1408 apit‚
1465 1363 1715 1409 Eresburgum
1728 1369 1764 1397 A.
1774 1369 1862 1396 Laur.

65 1437 73 1445 .
136 1410 407 1453 ‚reaedificatt;
432 1410 615 1445 duobus
640 1421 718 1445 eos
741 1410 980 1454 proeliisu
1005 1411 1234 1454 ⁸superat,
1262 1421 1352 1445 uno
1377 1410 1515 1444 iuxta
1536 1409 1715 1445 Brunes-

154 1458 267 1502 berge
300 1457 379 1501 ripa
389 1468 405 1491 s
429 1457 466 1493 V
475 1457 487 1491 i
495 1468 511 1491 s
522 1469 545 1491 ιι
553 1468 572 1490 r
581 1457 651 1502 gis
663 1456 677 1476 ³
710 1456 868 1491 fluminis
902 1456 1097 1492 defendere
1138 1468 1158 1492 c
1169 1468 1190 1491 o
1200 1469 1225 1491 n
1235 1459 1336 1491 antes
1371 1469 1391 1492 e
1399 1459 1415 1491 t
1445 1456 1467 1492 I
1475 1456 1535 1493 LV
1565 1457 1603 1491 in
1628 1457 1715 1492 Lid-

155 1504 299 1539 beehiw
324 1504 522 1538 maxima
546 1515 705 1538 eorum
729 1503 1047 1538 multitudine
1072 1503 1253 1539 interfe
1265 1507 1350 1540 cta.
1494 1503 1714 1550 Hruodgau-
1729 1509 1848 1538 Asith.

156 1551 222 1586 dus
229 1558 251 1578 ¹
279 1550 541 1595 Langobar-dus
554 1557 575 1584 y
603 1550 643 1585 in
666 1550 775 1584 Italia
797 1562 950 1596 regnum
977 1551 1134 1587 affectat.

296 1597 566 1634 DCCLXXVI.
616 1597 741 1632 carlus
749 1604 770 1624 a
799 1600 927 1632 contra
948 1597 1241 1643 Hruodgaudum
1252 1604 1268 1623 Ζ
1298 1597 1336 1632 in
1361 1597 1506 1632 Italiam
1530 1598 1715 1642 profectus
1728 1604 1766 1631 ib.

157 1645 311 1680 eundem
335 1644 517 1680 interficit.
637 1643 684 1679 In
701 1643 860 1679 Saxonia
876 1644 1125 1690 Eresburgum
1133 1651 1153 1671 a
1183 1647 1341 1680 castrum
1367 1644 1570 1680 Saxonibus
1595 1645 1714 1680 reddi-

156 1694 245 1735 tum,
271 1691 505 1737 Sigiburgum
531 1703 552 1726 a
560 1691 585 1726 b
611 1692 651 1727 ei
661 1703 677 1726 s
703 1692 898 1736 obsessum,
924 1692 988 1727 sed
1012 1703 1086 1727 non
1111 1695 1370 1738 expugnatum.

295 1738 588 1775 DCCLXXVII.
629 1738 802 1782 Saxones,
825 1742 909 1784 post
924 1739 1056 1774 multas
1073 1738 1228 1775 caedesb
1251 1742 1289 1774 et
1305 1740 1406 1774 varia
1421 1740 1518 1775 bella
1534 1739 1670 1775 adflicti
1679 1746 1713 1784 0,
1727 1745 1938 1778 Chr.L.111,1o.

155 1785 303 1821 tandem
328 1786 514 1821 christiani
538 1785 658 1821 effecti
682 1785 908 1821 Francorum
934 1786 1068 1821 dicioni
1093 1786 1308 1823 subduntur.
1441 1786 1490 1821 Et
1515 1790 1714 1822 conventus
1727 1793 1762 1821 A.
1773 1793 1848 1821 sith.

154 1833 193 1867 in
211 1832 369 1868 Saxonia
384 1833 528 1868 habitus
544 1833 582 1868 in
599 1833 691 1876 loco,
717 1834 780 1878 qui
803 1845 827 1868 v
836 1845 858 1868 0
869 1845 889 1868 0
898 1845 919 1868 a
927 1836 988 1868 tur
1005 1833 1110 1868 Padr
1120 1834 1284 1868 abrunno
1293 1833 1329 1878 (ἴς
1355 1845 1379 1868 ιι
1389 1834 1413 1868 b
1424 1834 1436 1868 i
1461 1833 1682 1869 Ibinalarabi
1690 1840 1707 1861 θ

156 1879 375 1915 Sarracenus
408 1880 613 1925 praefectus
624 1879 640 1906 f
676 1880 983 1926 Caesaraugustae
1013 1882 1114 1916 venit
1147 1880 1193 1915 ad
1226 1892 1362 1926 regem.
1423 1880 1443 1915 I
1452 1881 1476 1915 b
1487 1881 1500 1915 i
1533 1880 1655 1916 Saxon
1667 1893 1687 1916 e
1698 1893 1713 1915 s
1727 1886 1762 1915 A.
1773 1887 1860 1916 Laut.

154 1927 326 1972 baptizati
338 1934 360 1960 g
387 1926 676 1972 ingenuitatemh
707 1930 743 1962 et
768 1939 789 1963 0
799 1940 836 1962 ιιι
846 1940 871 1962 ιι
882 1940 947 1963 em
978 1940 1003 1973 p
1013 1940 1032 1962 r
1042 1939 1063 1963 o
1073 1940 1098 1973 p
1108 1928 1175 1963 rie
1185 1930 1286 1963 tate
1297 1940 1335 1962 m
1360 1940 1376 1962 s
1386 1940 1410 1962 u
1420 1939 1489 1962 am
1514 1928 1714 1963 secundum

154 1985 294 2009 morem
327 1975 487 2020 gentis
513 1974 821 2010 abdicantesi
855 1975 958 2021 regi
982 1975 1318 2018 tradiderunt,
1353 1975 1383 2010 si
1408 1986 1429 2009 a
1453 1975 1530 2010 die
1555 1975 1644 2010 illa
1668 1978 1714 2010 et

156 2021 180 2055 d
191 2021 357 2066 eincep
368 2033 384 2056 s
418 2021 717 2056 christianitatem
749 2024 794 2057 et
823 2023 901 2068 regi
932 2033 983 2057 ac
1007 2022 1104 2057 filiis
1130 2022 1206 2057 eius
1230 2022 1444 2057 fidelitatem
1478 2023 1532 2057 ab
1543 2034 1688 2068 negas
1699 2042 1712 2048 —

156 2079 172 2102 s
181 2079 201 2103 e
211 2080 236 2102 n
245 2070 270 2104 t.

297 2114 607 2152 DCOLXXVHI.
650 2115 804 2150 Oarlusk
831 2127 914 2151 cum
931 2116 1094 2151 exercitu
1104 2115 1116 2142 l
1141 2117 1180 2151 in
1197 2116 1375 2161 Hispania
1396 2128 1510 2160 usque
1517 2123 1548 2143 1¹¹
1567 2116 1713 2151 Caesar-
1727 2123 1762 2151 A.
1771 2123 1846 2151 sith.

156 2166 346 2206 augustam
378 2162 488 2206 venit,
519 2162 772 2207 Pampilonam
785 2170 806 2190 ¹¹
842 2175 866 2198 u
875 2175 896 2198 r
904 2164 928 2198 b
939 2175 958 2198 e
968 2175 1006 2198 m
1040 2163 1204 2207 destruit,
1239 2163 1284 2198 de
1293 2164 1308 2183 ⁴
1341 2163 1563 2198 Ibinalarabi
1597 2166 1634 2198 et
1667 2163 1713 2198 de
1727 2170 1761 2198 A.
1771 2171 1861 2198 Laut.

155 2208 346 2244 Abitauro
370 2221 394 2254 p
405 2221 423 2244 r
433 2221 453 2244 a
463 2209 537 2244 efe
548 2210 667 2244 ctiso
691 2209 999 2246 Sarracenorum
1022 2211 1164 2246 obsides
1185 2210 1368 2256 accipit,
1389 2211 1651 2246 Wasconibus
1677 2214 1714 2246 et
1795 2253 1801 2258 ,

154 2255 334 2291 Nabarris
365 2257 432 2291 sub
443 2256 565 2292 actis
598 2257 837 2292 revertitur
869 2258 907 2292 in
931 2257 1133 2293 Franciam
1145 2265 1182 2295 1).
1326 2257 1494 2293 Intere
1505 2269 1526 2292 a
1551 2257 1712 2293 Saxones
1725 2252 1762 2280 A.
1772 2252 1846 2280 3¹⁰¹·
1858 2255 1888 2278 ⁰⁶

155 2303 267 2338 Widu
275 2303 429 2338 kindoq·
439 2304 453 2323 ὃ
476 2304 660 2348 tyrannidi
684 2305 768 2340 nite
778 2308 858 2340 nte
874 2304 1099 2340 Francorum
1120 2305 1295 2340 terminos
1314 2316 1428 2350 usque
1445 2305 1492 2340 ad
1509 2304 1680 2340 Rhenum
1691 2312 1707 2331 r
1726 2288 1936 2320 Chr‘L'm’u‘

156 2397 185 2430 a)
203 2397 323 2423 karolus
344 2400 367 2426 1.
387 2399 412 2426 2.
493 2398 524 2432 b)
542 2406 632 2431 pasce
650 2399 675 2426 3.
749 2399 776 2432 c)
794 2399 897 2437 leticia
916 2401 948 2432 13
974 2400 1074 2426 leticia
1093 2400 1118 2427 2.
1197 2398 1227 2431 d)
1247 2400 1382 2435 celebrat
1399 2400 1424 2427 2.
1498 2401 1526 2431 e)
1545 2400 1623 2432 long.
1642 2402 1667 2427 1.
1687 2401 1712 2427 2.

157 2432 181 2460 f)
199 2433 310 2464 pertesi
330 2434 354 2460 1.
374 2433 399 2461 3.
489 2434 519 2466 g)
539 2434 647 2460 himnis
667 2435 692 2461 3.
782 2435 813 2466 h)
832 2435 973 2460 frantiam
992 2436 1017 2463 3.
1117 2435 1139 2466 ἰ)
1157 2435 1324 2460 bonifacius
1344 2436 1369 2463 1.
1468 2435 1500 2465 k)
1519 2436 1625 2460 martir
1643 2436 1668 2463 2,
1687 2436 1712 2462 3.

157 2467 179 2497 1)
198 2466 330 2499 predixit
349 2469 372 2495 1.
461 2471 502 2500 m)
525 2468 689 2501 presidium
709 2471 733 2497 1.
823 2472 855 2501 ιι)
879 2471 980 2496 iuxsta
998 2471 1023 2498 3.
1113 2473 1142 2502 o)
1168 2471 1299 2496 martiris
1318 2471 1344 2498 3.
1434 2472 1464 2502 p)
1489 2471 1659 2496 laurasham
1680 2473 1711 2502 15

157 2502 336 2528 laureshsim
355 2504 380 2530 3.
451 2506 482 2536 q)
500 2504 532 2530 in
544 2505 645 2530 villam
667 2507 698 2538 ις
718 2505 844 2531 inillam
862 2506 895 2538 2;
915 2507 972 2534 des.
985 2507 1011 2534 3.
1083 2507 1110 2537 r)
1128 2506 1197 2538 igne
1212 2507 1235 2533 1.
1248 2506 1274 2533 2.
1346 2507 1372 2537 s)
1391 2504 1631 2538 depopulabatur
1650 2507 1674 2533 1.
1687 2506 1712 2533 2.

157 2538 180 2567 ἱ)
198 2537 312 2565 aeresb.
332 2536 436 2565 reedif.
454 2539 480 2566 3.
574 2539 605 2572 ιι)
630 2540 732 2572 preliis
753 2542 784 2573 13
814 2541 916 2573 preliis
935 2542 960 2568 3.
1057 2541 1089 2575 v)
1112 2540 1226 2567 duobus
1252 2541 1332 2568 codd.
1426 2543 1465 2571 w)
1491 2540 1623 2566 lidbecki
1642 2542 1667 2568 2.
1687 2541 1712 2568 3.

156 2574 189 2603 x)
208 2571 410 2604 hruotgandus
431 2574 456 2601 2.
519 2576 550 2607 y)
568 2574 646 2606 long.
664 2564 688 2602 Ξ.
753 2577 781 2606 z)
799 2575 1018 2608 hruotgaudum
1037 2576 1070 2609 23
1090 2575 1296 2609 hrodgaudum
1316 2577 1340 2603 3.
1407 2577 1436 2606 a)
1455 2576 1668 2608 aeresburgum
1688 2578 1712 2604 3.

156 2607 186 2638 b)
206 2606 293 2633 cedes
314 2609 345 2639 1;
366 2607 454 2634 cedas
473 2609 499 2636 3.
553 2611 580 2640 c)
599 2610 705 2636 afflicti
725 2612 750 2638 1.
762 2612 787 2639 2.
842 2610 873 2643 d)
892 2611 1105 2644 padi-aprutino
1124 2613 1149 2639 3.
1204 2614 1232 2642 e)
1251 2611 1458 2639 [binalarabus
1479 2613 1502 2638 1.
1557 2612 1581 2642 f)
1600 2612 1674 2644 pref.
1689 2613 1712 2638 1.

155 2643 185 2675 g)
203 2643 346 2669 babtizati
365 2644 390 2671 3.
472 2644 502 2675 h)
521 2644 706 2676 ingenuitate
726 2647 751 2674 1.
828 2647 850 2678 i)
869 2646 1045 2673 addicantes
1065 2648 1091 2675 3.
1162 2647 1195 2680 k)
1214 2646 1334 2673 hardus
1355 2648 1378 2674 1.
1398 2647 1423 2674 2.
1496 2647 1517 2677 l)
1537 2647 1668 2672 exertitu
1687 2647 1712 2674 3.

155 2680 195 2708 m)
214 2685 308 2710 usque
326 2677 365 2704 ad
386 2680 410 2706 1.
429 2679 454 2706 2.
545 2682 575 2710 ιι)
599 2681 797 2713 pampilonem
817 2682 842 2710 3.
933 2684 962 2714 ο)
986 2683 1061 2715 pref.
1081 2684 1105 2710 1.
1196 2684 1227 2715 p)
1245 2682 1387 2708 frantiam
1406 2682 1432 2709 2.
1451 2681 1476 2709 3.
1566 2683 1597 2714 q)
1617 2681 1712 2708 widu-

155 2712 249 2739 kindu
269 2715 294 2741 3.
367 2715 392 2745 r)
412 2714 537 2740 hrenum
557 2715 588 2747 23
611 2722 715 2742 renum
734 2717 760 2744 3.

155 2795 190 2839 1)
213 2793 338 2829 Carlus
364 2823 371 2831 .
391 2823 400 2832 .
419 2823 427 2832 .
453 2796 582 2830 orandi
604 2807 659 2842 gr.
683 2796 728 2832 R.
753 2809 787 2834 v,
814 2799 909 2834 Anu.
927 2799 1018 2833 Sith.
1116 2800 1152 2843 2)
1174 2798 1269 2840 hesit
1293 2800 1342 2842 id,
1369 2800 1460 2843 quod
1483 2810 1577 2833 mmo
1600 2810 1711 2833 unum

153 2847 278 2886 exstat,
305 2844 400 2878 Ann.
418 2843 509 2877 sith.
535 2845 718 2889 exemplar
741 2845 887 2881 exhibet.
961 2847 996 2890 3)
1020 2856 1128 2890 super
1152 2845 1303 2880 fluvium
1316 2845 1462 2880 iVisora
1482 2848 1577 2882 Arm.
1596 2847 1709 2880 Laur.

152 2890 189 2930 4)
212 2888 257 2924 de
281 2909 327 2915 -
352 2889 544 2925 Franciam
578 2902 622 2925 ex
645 2893 741 2928 Anu.
767 2893 881 2928 Laur.
1010 2893 1047 2937 5)
1071 2892 1337 2928 Widuchindus
1370 2893 1554 2936 tyrannidi
1582 2893 1711 2927 nititur

154 2936 238 2971 Chr.
255 2937 369 2973 Laur.
395 2938 467 2981 III,
497 2940 562 2978 11,·
586 2938 623 2972 in
640 2938 721 2973 loco
739 2959 784 2964 —
801 2939 953 2974 Adarna
975 2951 1020 2974 ex
1035 2941 1131 2977 Ann.
1148 2941 1283 2982 Laur.,·
1307 2945 1419 2975 cetera
1443 2952 1487 2976 ex
1503 2942 1598 2976 Ann.
1619 2941 1710 2975 sith.
