2004 3362
686 886 1315 943 PRAEFATIO.

376 1100 450 1151 De
495 1102 740 1145 Annalibus
780 1100 1084 1154 Fuldensibus,
1131 1100 1204 1154 qui
1250 1100 1461 1154 dicuntur,
1509 1099 1679 1142 uberius
1724 1114 1789 1142 ecc-

223 1162 350 1217 posui
391 1161 546 1204 ‘Neues
575 1160 751 1204 Archiv'
793 1160 957 1213 XVII,
990 1175 1037 1213 Ρ.
1072 1163 1289 1213 83—158,
1331 1158 1451 1202 cuius
1491 1158 1790 1213 disttationis

232 1222 299 1264 hic
328 1235 533 1263 summam
562 1224 742 1274 repetere
772 1219 879 1261 satis
909 1219 1050 1261 habeo.

374 1278 686 1321 Dividebantur
716 1278 854 1321 adhuc
884 1277 932 1319 in
954 1281 1103 1331 partes
1132 1277 1326 1331 quinque,
1362 1290 1542 1330 quarum
1572 1290 1662 1318 una
1692 1276 1790 1328 sini-

232 1343 302 1380 tur
332 1338 379 1380 in
409 1352 449 1380 a.
474 1341 573 1380 838.
605 1341 706 1379 nota
727 1336 913 1379 codicum
935 1335 1310 1388 Schlettstadensis,
1333 1334 1611 1388 Havniensis,
1634 1335 1789 1377 Mona-

232 1397 366 1439 censis
396 1395 661 1449 maryinibus
687 1394 902 1448 adscripta
931 1395 1038 1436 Huc
1068 1408 1212 1449 usque
1241 1394 1500 1443 Enhardus,
1533 1394 1670 1436 altera
1692 1398 1791 1447 post

230 1470 270 1496 a.
305 1458 404 1496 863.
460 1454 592 1496 simili
646 1453 915 1495 adnotatione
970 1454 1194 1495 eorundem
1249 1452 1436 1495 codicum
1490 1453 1597 1495 Huc
1643 1467 1789 1508 usque

229 1513 499 1563 Ruodolfus‚
532 1512 657 1554 tertia
687 1511 736 1554 in
766 1526 806 1553 a.
841 1515 940 1554 882.
972 1512 1059 1563 fine
1089 1513 1325 1565 eorundem,
1359 1516 1513 1565 quarta
1543 1511 1592 1554 in
1623 1525 1663 1553 a.
1688 1515 1787 1553 887.

229 1573 315 1624 fine
346 1571 499 1614 codicis
529 1570 863 1613 Vindobonensis
902 1584 969 1613 nr.
1003 1574 1101 1624 615,
1144 1570 1294 1624 quinta
1332 1570 1421 1612 iam
1461 1571 1513 1613 ab
1554 1585 1596 1612 a.
1629 1574 1729 1612 882.
1762 1585 1789 1612 a

229 1635 381 1684 quarta
421 1630 636 1673 discedens
674 1631 762 1682 fine
802 1633 1028 1672 ceterorum
1068 1629 1254 1672 codicum
1293 1630 1352 1672 acl
1390 1644 1430 1671 a.
1465 1633 1564 1671 901.
1604 1630 1698 1683 qu
1738 1643 1789 1672 esc

230 1689 353 1731 tertia
383 1693 421 1731 et
450 1693 615 1742 quarta,
657 1701 764 1742 quas
803 1687 987 1731 eiusdem
1025 1688 1210 1731 auctoris
1248 1702 1334 1731 esse
1365 1692 1422 1730 A.
1455 1688 1657 1740 Rethfeld
1669 1689 1684 1714 1
1724 1690 1788 1731 de-

229 1748 488 1801 monstravit,
520 1762 652 1790 unam
681 1747 776 1801 feci,
809 1747 1001 1800 quintam
1022 1751 1171 1801 autem,
1204 1761 1310 1801 quae
1331 1762 1359 1789 a
1371 1747 1593 1801 prioribus
1613 1747 1790 1789 multum

229 1806 372 1858 differt
385 1808 400 1832 ²
430 1811 468 1849 et
497 1806 760 1848 Baiovariae
800 1810 964 1848 tantum
1002 1806 1210 1849 rationem
1250 1807 1384 1860 habet,
1426 1806 1789 1849 continuationum

229 1865 587 1908 Baiouaricarum
617 1865 785 1908 nomine
814 1864 996 1919 siqnavi.

371 1924 470 1966 Pri
479 1938 590 1966 mae
612 1923 800 1978 partis
839 1927 1060 1977 auctorem,
1102 1937 1221 1977 quem
1252 1924 1501 1969 monachum
1532 1925 1789 1966 Fuldensem

230 1983 416 2035 iynotum
446 1984 655 2036 quendam
685 1981 764 2024 alii
791 1982 1146 2036 existimaverunt,
1179 1982 1386 2025 neminem
1407 1982 1495 2025 nisi
1515 1982 1790 2026 Einhardum

230 2041 349 2083 illum
372 2041 531 2083 Karoli
551 2046 589 2083 et
609 2041 830 2084 Ludowici
852 2042 893 2083 Ι.
915 2041 1216 2095 imperatorum
1245 2040 1636 2093 familiarissimum
1655 2041 1790 2094 fuisse

231 2100 417 2153 equidem
439 2114 693 2154 persuasum
723 2100 864 2142 habeo.
929 2101 1046 2142 Nam
1076 2104 1122 2142 ut
1152 2100 1340 2142 omittam
1370 2115 1463 2142 eum
1494 2100 1620 2142 etiam
1652 2115 1680 2142 a
1708 2115 1789 2142 mo-

231 2159 364 2202 nacho
392 2158 742 2213 Kirschyartensi
772 2158 820 2201 in
847 2158 1056 2202 Chronico
1081 2158 1383 2202 Wormatiensi
1416 2157 1473 2210 (v.
1505 2158 1650 2214 infra)
1683 2159 1789 2202 Ein-

231 2218 411 2259 hardum
442 2217 538 2271 dici,
571 2218 829 2260 Enhardum
858 2222 897 2260 et
927 2217 1201 2261 Einhardum
1237 2217 1348 2260 idem
1378 2232 1528 2261 nomen
1560 2232 1646 2261 esse
1676 2232 1791 2261 nunc

231 2276 395 2329 quidem
431 2276 542 2319 inter
573 2290 714 2319 omnes
751 2280 923 2319 constat.
991 2277 1112 2330 Quod
1149 2281 1288 2320 autem
1327 2281 1413 2318 tam
1450 2277 1584 2319 multa
1623 2277 1671 2319 in
1710 2277 1790 2320 hae

233 2334 470 2377 Annalium
492 2339 618 2389 parte
647 2335 922 2378 inveniuntur
952 2337 1011 2378 ad
1040 2336 1228 2378 Fuldam
1257 2335 1502 2390 spectantia,
1534 2350 1641 2390 quae
1671 2336 1792 2390 Ionqe

233 2393 460 2435 maximam
482 2398 650 2447 partein
681 2408 732 2436 επ
752 2394 999 2437 Annalibus
1019 2395 1306 2438 Fuldensibus
1336 2394 1645 2448 antiquissimis
1675 2395 1794 2437 aliis-

235 2465 310 2502 que
340 2451 538 2494 subsidiis
568 2453 854 2496 Fuldensibus
875 2453 1011 2507 petita
1041 2458 1151 2507 sunt,
1187 2468 1237 2496 ea
1267 2467 1313 2496 re
1344 2454 1455 2496 nihil
1485 2454 1674 2506 efficitur
1703 2453 1792 2496 nisi

236 2508 321 2561 hoe,
353 2514 560 2552 auctorem
589 2511 842 2554 monasterio
873 2512 940 2554 illi
961 2512 1250 2566 propinquum
1280 2512 1437 2564 fuisse:
1468 2527 1513 2555 eo
1540 2527 1649 2567 vero,
1682 2514 1793 2566 quod

237 2623 271 2665 1)
294 2624 338 2659 A.
356 2623 531 2666 Rethfeld‚
561 2625 683 2660 ‘Ueber
698 2627 763 2661 den
787 2627 976 2671 Ursprunq
1000 2628 1060 2662 des
1082 2629 1235 2671 zweiten,
1262 2628 1495 2662 drittenund
1519 2629 1650 2662 elenen
1671 2628 1791 2662 Theils

234 2671 297 2703 der
320 2675 555 2723 soqenannten
571 2671 784 2707 Fuldischen
801 2674 991 2718 Annalen’,
1019 2675 1127 2709 Halle
1153 2676 1267 2715 1886,·
1292 2676 1337 2717 cf.
1363 2676 1470 2709 etiam
1494 2686 1529 2711 a.
1546 2676 1629 2712 869.
1655 2675 1707 2720 (p.
1726 2677 1790 2718 68)

234 2728 335 2751 more
369 2715 536 2759 Camino,
576 2729 610 2751 α.
634 2720 716 2755 875.
751 2722 804 2764 (p.
829 2722 893 2762 85)
926 2731 1029 2756 more
1062 2720 1294 2766 Iugurthino,
1334 2733 1369 2758 a.
1393 2723 1475 2758 882.
1511 2725 1562 2767 (p.
1589 2724 1653 2765 98)
1687 2733 1790 2757 more

234 2763 432 2800 thabieo.
528 2765 565 2807 2)
589 2765 676 2799 Cum
699 2768 791 2799 enim
812 2769 978 2811 priorum
999 2771 1163 2812 partium
1188 2774 1347 2803 auctores
1369 2779 1440 2804 non
1460 2770 1574 2804 solum
1591 2770 1788 2814 Einhardi,

233 2812 292 2845 sed
315 2812 421 2845 etiam
443 2811 559 2845 Taciti
581 2813 644 2855 (cf.
670 2823 704 2848 a.
721 2814 822 2856 852.)
846 2819 877 2847 et
898 2815 1068 2849 Sallustii
1090 2818 1142 2859 (a.
1159 2817 1241 2852 869.
1266 2821 1298 2850 et
1321 2818 1423 2860 875.)
1447 2818 1592 2862 scriptis
1615 2818 1791 2851 studuisse

233 2863 263 2892 et
298 2859 377 2892 inde
411 2858 615 2893 locutionem
648 2861 865 2894 emendatam
893 2866 924 2895 et
948 2863 1119 2896 Latinam
1150 2865 1342 2908 percepisse
1373 2868 1502 2898 constet
1535 2867 1598 2907 (cs.
1624 2864 1791 2907 Rethfeld

235 2906 257 2941 l.
285 2906 307 2941 l.
331 2917 366 2950 Ρ.
387 2907 428 2941 11
447 2916 496 2949 sq.
522 2910 553 2940 et
577 2907 653 2949 23),
689 2908 827 2950 quinta,
862 2919 950 2952 quae
974 2910 1165 2953 dicebatur,
1192 2911 1275 2945 stilo
1298 2912 1389 2945 satis
1413 2911 1569 2946 barbaro
1593 2913 1790 2956 conscripta

233 2957 292 2995 est,
319 2954 419 2986 cuius
442 2954 601 2997 emempla
625 2955 800 2988 nonnulla
824 2956 935 2989 attuli
959 2956 1084 2991 ‘Neues
1108 2957 1258 2992 Archio'-
1278 2958 1404 3002 XVII,
1426 2970 1465 3003 Ρ.
1485 2960 1554 2995 152
1570 2970 1620 3003 sq.
