2020 3358
0 532 17 806 ϊισι-μυ-ηυυ-,ι
0 293 19 519 ὀ-,σεῆσἝπ-ΡᾸὯ·
6 222 22 279 4⁵02
10 205 19 209 ι
12 179 19 193 v

719 278 1025 316 PRAEFATIO.
1593 280 1651 316 XI

235 402 462 445 Praeterea
493 399 602 442 anni
623 403 722 442 857.
747 404 916 454 partem
946 399 1151 442 incertum
1182 413 1232 442 ex
1257 413 1338 453 quo
1359 401 1494 444 codice
1514 406 1650 444 trans-

92 461 223 503 latam
268 459 465 503 Pertzius
515 458 563 501 in
606 457 750 512 primo
799 458 904 511 folio
950 457 1104 501 codicis
1149 458 1368 501 cuiusdam
1413 459 1651 513 Lipsiensis

91 533 198 562 saec.
224 519 343 561 XII.
368 515 520 572 (repos.
544 518 584 570 I,
607 531 674 560 nr.
699 518 776 572 47)
809 517 972 560 invenit
1001 521 1039 559 et
1068 516 1167 560 inde
1197 518 1256 559 ad
1285 517 1506 560 editionem
1529 532 1650 560 suam

91 577 309 630 adhibuit,·
347 577 446 619 item
483 590 534 619 ex
575 575 724 619 ‘codice
763 576 901 619 sancti
945 575 1170 618 Trudonis’
1210 576 1258 619 J.
1297 575 1350 618 G.
1382 576 1574 619 Echhart
1602 577 1651 619 in

97 635 398 679 Commentarii
447 637 496 678 de
540 635 663 678 rebus
701 635 919 678 Franciae
964 634 1184 678 orientalis
1222 638 1330 677 tomo
1369 634 1444 688 II,
1483 650 1530 690 p.
1565 638 1647 677 451

82 699 251 748 partem
290 694 398 736 anni
436 698 535 736 856.
583 694 802 748 excerpsit,
850 695 925 736 sed
964 691 1041 746 (cf.
1074 704 1122 747 p.
1156 694 1233 748 46)
1280 693 1342 735 ita
1383 707 1475 736 cum
1515 693 1650 736 codice

101 753 412 796 Vindobonensi
435 757 519 795 615
544 750 600 808 (2)
633 757 935 807 conyruentem,
967 757 1014 795 ut
1046 751 1133 794 ‘aut
1162 754 1337 795 eundem
1368 752 1546 796 codicem
1577 757 1651 795 aut

90 813 142 854 al)
173 826 218 854 eo
240 812 486 866 prozimum
516 811 662 864 fuisse'
693 811 945 865 iampridem
966 811 1093 854 Perte
1118 809 1220 862 (SS.
1244 811 1284 864 I,
1309 826 1356 865 p.
1381 812 1486 866 342)
1519 811 1649 865 suspi-

90 875 208 914 catus
251 871 319 913 sit.
389 871 591 913 Fortasse
635 870 707 913 ille
752 870 863 913 hunc
908 870 1087 913 codicem
1132 884 1225 913 cum
1270 871 1401 913 altero
1447 870 1650 913 Vindobo-

89 929 212 972 nensi
244 927 341 984 (30)
380 929 581 983 confudit,
623 929 696 983 qui
725 933 900 983 propter
930 943 1093 971 annum
1126 933 1223 971 738.
1264 928 1403 972 sancti
1438 929 1651 972 Trudonis

89 987 174 1031 dici
195 992 375 1042 poterat.

230 1048 277 1089 E
313 1047 449 1091 codice
491 1051 548 1090 30
595 1061 688 1090 cum
728 1046 849 1089 Petri
887 1046 1229 1100 Bibliothecarii,
1277 1061 1383 1101 quae
1422 1047 1647 1101 dicebatur,

88 1105 288 1148 Historia
330 1107 602 1149 Francorum
647 1105 891 1149 abbreviata
905 1106 920 1132 1
966 1110 1052 1148 tum
1095 1105 1336 1149 Annalium
1378 1106 1649 1149 Mettensium

79 1169 227 1219 partes
257 1179 436 1219 maynae
467 1165 579 1208 inter
609 1179 746 1208 annos
778 1169 876 1207 838.
910 1169 948 1207 et
979 1168 1078 1208 858.
1120 1169 1158 1207 et
1187 1179 1276 1207 una
1306 1164 1512 1207 sententia
1543 1166 1650 1208 anni

90 1227 188 1265 867.
237 1221 348 1279 (Iste
384 1225 613 1267 Robertus
660 1247 715 1253 -
763 1225 1049 1280 aequiparari
1088 1221 1360 1280 potuissent)
1406 1225 1625 1276 fluxerunt
1634 1239 1650 1277 ,·

88 1282 161 1335 qui
191 1287 416 1337 propterea
456 1297 542 1325 non
581 1297 673 1325 eam
712 1287 925 1325 merentur
955 1297 1113 1336 curam,
1155 1297 1282 1336 quam
1315 1283 1443 1325 Perte
1480 1283 1540 1325 eis
1579 1283 1649 1325 tri-

89 1341 188 1383 buit.
250 1342 311 1383 At
341 1342 584 1384 Monachus
615 1341 999 1396 Kirschyartensis,
1032 1341 1105 1395 qui
1135 1341 1184 1383 in
1221 1341 1430 1384 Chronico
1459 1342 1648 1385 Worma-

88 1399 213 1442 tiensi
244 1400 358 1443 circa
383 1415 423 1442 a.
446 1404 572 1443 1500.
595 1400 827 1454 conscripto
847 1414 909 1454 ea,
942 1414 1048 1454 quae
1069 1401 1128 1443 ad
1150 1399 1431 1444 Wormatiam
1451 1404 1647 1454 spectant,

87 1472 216 1512 usque
246 1460 306 1501 ad
333 1473 374 1500 a.
408 1463 507 1501 882.
541 1459 686 1501 omnia
715 1459 806 1511 fere
836 1458 1049 1513 eecceipsit,
1083 1473 1169 1501 non
1199 1459 1334 1502 solum
1365 1459 1500 1502 codice
1530 1460 1648 1503 Wor-

87 1517 284 1560 matiensi
314 1517 470 1560 amisso
501 1516 620 1572 (W),
653 1519 728 1560 sed
755 1518 882 1560 etiam
912 1518 1047 1572 ipsius
1068 1517 1288 1560 Einhardi
1319 1518 1540 1573 archetypo
1563 1516 1646 1573 (E)

87 1591 188 1619 usus
217 1576 383 1619 videtur
402 1591 499 1630 esse,
533 1576 733 1630 quoniam
764 1591 850 1620 non
879 1578 999 1620 modo
1030 1591 1073 1619 se
1106 1575 1303 1619 ‘libellum
1332 1576 1422 1619 eius
1444 1591 1577 1631 penes
1606 1592 1648 1619 se

88 1635 250 1678 habere’
281 1640 504 1690 asseverat,
545 1650 688 1678 rerum
726 1635 853 1678 etiam
891 1635 939 1679 in
978 1638 1065 1688 sine
1104 1635 1213 1678 anni
1245 1640 1344 1679 838.
1386 1640 1483 1679 ante
1521 1637 1648 1679 verba

88 1694 193 1737 Huc
238 1709 382 1750 usque
429 1696 610 1751 scripsit,
656 1695 918 1738 Einhardus
963 1709 1095 1738 unam
1140 1695 1400 1748 sententiam,
1448 1709 1555 1748 quae
1599 1695 1646 1737 in

88 1753 278 1796 omuibus
309 1753 517 1797 codicibus
548 1755 667 1807 deest,
701 1754 863 1796 exhibet
895 1751 952 1806 (v.
976 1769 1023 1808 p.
1059 1755 1151 1809 28).

228 1812 406 1855 Praeter
426 1813 500 1855 hos
520 1813 716 1855 Adamus
735 1813 983 1856 Bremensis
1013 1818 1051 1856 et
1073 1813 1310 1867 Siyebertus
1336 1813 1647 1856 Gemblacensis

87 1871 265 1914 annales
304 1876 468 1914 nostros
510 1872 810 1925 adhibuerunt,
862 1872 1094 1926 eisdemque
1139 1874 1213 1914 sed
1259 1871 1360 1914 aliis
1408 1872 1646 1915 auctoribus

87 1929 434 1973 intercedentibus
473 1931 599 1973 etiam
639 1931 937 1973 Herimannus
972 1931 1204 1984 Auyiensis
1214 1932 1240 1983 ²,
1282 1931 1477 1973 Annales
1515 1931 1645 1973 Hers-

86 1988 303 2042 feldenses,
326 1989 564 2031 Marianus
587 1990 743 2042 Scotus,
766 1989 1003 2032 Annalista
1027 1990 1152 2043 Samo,
1177 1989 1406 2032 Gobelinus
1427 1990 1646 2032 Persona3

86 2046 155 2088 usi
184 2051 295 2090 sunt.

228 2107 310 2149 Ed
317 2106 519 2149 itiones
549 2121 684 2149 meam
715 2107 793 2150 hae
824 2111 1154 2150 antecesserunt:

231 2163 270 2220 1)
302 2166 421 2208 Petri
452 2165 620 2208 Pithoei
649 2166 760 2208 inter
790 2166 1031 2210 Annalium
1069 2171 1108 2209 et
1143 2166 1344 2209 historiae
1374 2166 1645 2209 Francorum

87 2224 139 2266 ab
170 2239 209 2266 a.
237 2228 333 2267 708.
367 2226 426 2267 ad
448 2239 489 2267 a.
513 2229 612 2267 990.
643 2225 866 2280 scriptores
893 2229 1135 2268 coaetaneos
1159 2225 1272 2267 XII
1286 2225 1431 2268 Paris.
1454 2239 1494 2267 a.
1517 2229 1642 2267 1588.

88 2297 137 2324 ea:
167 2283 302 2326 codice
334 2284 444 2337 3d4,·

229 2339 270 2397 2)
311 2343 487 2396 Marqu.
529 2342 710 2385 Freheri
755 2343 803 2386 in
840 2342 989 2397 prima
1025 2347 1152 2398 parte
1197 2343 1457 2397 Scriptorum
1502 2357 1645 2385 rerum

96 2399 446 2443 Germanicarum
467 2402 757 2454 Franlcofurti
783 2417 822 2444 a.
845 2406 971 2444 1600.
994 2406 1033 2444 et
1053 2403 1187 2445 denuo
1213 2402 1419 2456 impressa
1450 2416 1490 2444 a.
1517 2406 1643 2444 1624.

90 2471 141 2498 eoe
170 2457 347 2500 editione
372 2459 608 2503 Pithoeana
638 2465 676 2503 et
707 2461 843 2504 codice
875 2465 912 2514 3,
947 2461 1014 2504 cui
1045 2465 1232 2515 quartus,
1264 2465 1415 2514 sextus,
1447 2460 1645 2514 septimus

90 2515 384 2568 quaterniones
414 2522 511 2561 tunc
541 2521 727 2562 nondum
755 2522 938 2573 deerant,
972 2533 1226 2574 quamquam
1246 2533 1384 2563 nonus
1405 2523 1443 2562 et
1463 2519 1645 2562 decimus

89 2573 302 2616 etiamtum
333 2575 471 2617 mutili
500 2577 697 2631 fiuerun&

91 2666 125 2709 1)
148 2667 212 2702 SS.
238 2667 268 2709 I,
292 2679 329 2711 p.
355 2669 554 2704 416—418.
673 2670 710 2714 2)
733 2671 996 2705 Herimannum
1027 2682 1071 2705 eoe
1103 2671 1297 2704 annalibus
1327 2670 1526 2704 maioribus
1554 2671 1644 2704 Ala-

88 2715 273 2757 mannicis,
310 2716 373 2758 qui
403 2716 559 2749 nondum
583 2721 734 2760 emtam,
765 2728 874 2762 paene
907 2719 1026 2752 omnia
1060 2718 1220 2751 hausisse
1251 2722 1403 2757 constan·
1437 2717 1498 2751 illi
1528 2722 1644 2751 autem

88 2771 157 2794 non
188 2763 308 2795 minus
340 2773 445 2806 quam
479 2764 584 2797 ceteri
614 2774 746 2807 omnes,
781 2775 866 2808 quos
897 2775 1011 2809 supra
1042 2765 1259 2807 enumeravi,
1298 2765 1474 2798 communi
1503 2769 1645 2799 auctore

87 2809 280 2842 annalibus
312 2810 522 2853 quibusdam
547 2810 737 2844 Fuldensis
760 2813 968 2846 monasterii
990 2812 1154 2846 videntur
1186 2813 1246 2845 usi
1273 2822 1354 2855 esse,
1389 2812 1452 2855 qui
1474 2822 1581 2855 usque
1606 2814 1644 2845 in

87 2856 263 2889 saeculum
296 2856 466 2890 decimum
499 2859 699 2892 continuati
729 2860 835 2892 etiam
869 2858 1120 2892 Continuatori
1146 2859 1340 2902 Reyinonis
1371 2860 1456 2893 usui
1486 2860 1644 2901 fuerunt.

89 2902 124 2945 3)
148 2902 202 2944 Cf.
220 2904 264 2939 A.
282 2903 507 2947 Haqemann,
536 2905 661 2939 ‘Ueber
684 2906 740 2939 die
762 2906 902 2947 Quellen
929 2906 988 2939 des
1014 2905 1203 2940 Gobelinus
1226 2906 1407 2949 Persona’,
1435 2906 1531 2941 Diss.
1557 2907 1643 2939 Hal.

90 2950 191 2985 1874.
287 2951 324 2994 4)
349 2951 447 2993 Quod
469 2953 612 2996 primus
638 2953 680 2988 G.
706 2953 821 2986 Waitz
845 2954 1000 2995 coquom't
1024 2953 1170 2996 (‘Neues
1194 2953 1341 2987 Archiv’
1365 2953 1417 2997 II,
1441 2965 1479 2998 p.
1497 2955 1596 2995 330).
