2020 3358
407 307 658 355 (AUCTORE
684 307 1056 354 MZEGINHARDO).
1106 310 1153 346 A.
1178 312 1259 346 870.
1285 313 1365 347 871.
1630 313 1675 348 73

116 431 412 479 Francorum,
455 442 592 483 quam
631 442 710 470 rex
749 428 842 470 illis
882 428 966 470 sub
1006 431 1285 471 testamento
1300 430 1316 455 1
1354 434 1457 485 post
1498 432 1674 473 obitum

112 503 247 530 suum
274 488 537 530 habendum
559 487 864 541 delegaverat,
898 487 955 529 ab
987 488 1052 529 eis
1084 488 1255 529 auferri
1287 491 1333 529 et
1355 489 1669 531 Karlmannoa

110 548 247 589 fratri
286 546 472 588 illorum
510 546 633 587 tradi
672 545 797 587 fama
832 545 1057 588 volitante
1098 546 1355 595 audierunt,
1399 551 1676 602 congregata

112 605 411 647 multitudine
441 618 535 646 non
565 604 744 646 modica
766 604 1024 659 Spirensem
1056 618 1224 660 pagum
1255 608 1484 660 occupant
1516 609 1675 648 contra

111 678 267 719 regem
297 663 519 705 rebellare
561 663 867 718 disponentes.
931 662 1064 715 Quod
1105 677 1209 704 cum
1247 677 1327 706 rex
1367 665 1672 718 comperisset,

112 724 170 765 de
202 723 414 764 Baioaria
449 721 681 776 profectus
712 722 838 764 venit
873 723 933 763 ad
964 717 1334 764 Franconofurtb
1371 723 1420 763 in
1450 722 1674 764 Kalendis

113 781 351 824 Februarii
396 781 634 834 missisque
679 781 854 822 nuntiis
894 781 1070 822 animos
1111 781 1310 822 filiorum
1356 795 1542 823 suorum
1589 781 1675 823 sibi
1689 796 1812 823 rebar

111 840 397 882 reconciliari
437 839 616 880 nititur.
679 838 768 880 Sed
810 852 914 881 cum
953 840 1176 894 reciproci
1214 840 1394 881 nuntiic
1435 840 1515 881 diu
1555 840 1675 882 labo-

111 902 267 941 rantes
297 912 394 940 rem
426 899 484 939 ad
515 897 732 940 effectum
768 899 1018 952 perducere
1048 912 1143 940 non
1173 899 1443 953 potuissent,
1485 900 1676 941 tandem

113 958 325 1000 condicto
356 957 528 1012 placito
560 954 622 1009 (et
643 957 703 998 ad
724 970 926 998 mensem
946 957 1122 998 Maium
1146 970 1290 1011 usque
1312 954 1500 1010 dilato)d
1537 960 1675 1011 atque

111 1030 223 1072 pace
264 1029 319 1058 ex
357 1018 552 1070 utraque
591 1018 722 1070 parte
761 1016 1020 1058 iuramento
1062 1016 1243 1057 firmata
1283 1030 1364 1058 rex
1404 1017 1587 1070 quidem
1627 1017 1677 1057 in

114 1075 372 1117 Baioariam
409 1088 456 1117 se
492 1075 677 1129 recepit,
720 1074 804 1115 filii
835 1088 942 1117 vero
973 1074 1100 1116 illius
1131 1075 1180 1116 in
1211 1075 1313 1116 loca
1344 1074 1431 1117 sibi
1463 1075 1677 1129 delegata

113 1134 310 1189 profecti
342 1136 462 1175 sunt.

257 1192 530 1234 Zuentibald
560 1205 701 1247 nepos
721 1192 919 1234 Rastizi⁰
949 1193 1071 1247 apud
1092 1191 1457 1234 Karlmannuma
1484 1191 1676 1234 infideli-

112 1251 225 1293 tatis
267 1251 454 1292 crimine
494 1251 786 1292 insimulatus
818 1251 868 1292 in
899 1251 1153 1292 custodiam
1184 1251 1347 1292 missus
1378 1253 1460 1293 est.
1525 1251 1676 1292 Sclavi

114 1313 269 1352 autem
300 1310 593 1352 Marahenses
626 1310 788 1351 ducem
819 1323 953 1351 suum
992 1310 1161 1364 perisse
1198 1312 1415 1364 putantes
1447 1310 1677 1364 quendam

114 1368 429 1423 presbyterum
450 1365 682 1422 eius(dem)
695 1364 711 1391 f
738 1369 865 1410 ducis
888 1369 1194 1423 propinquum
1214 1368 1398 1410 nomine
1421 1367 1676 1422 Selagama-

112 1430 244 1468 rumg
279 1427 366 1468 sibi
396 1428 444 1467 in
475 1427 728 1481 principem
751 1427 1052 1477 constituunt,
1086 1427 1128 1468 ei
1159 1427 1388 1468 minantes
1419 1427 1673 1476 interitum,

112 1481 195 1526 ni¹¹
232 1486 451 1526 ducatum
482 1498 617 1540 super
648 1498 724 1527 eos
755 1486 1017 1540 susciperet.
1081 1484 1170 1536 Qui
1202 1485 1373 1527 eisdem
1402 1486 1676 1528 necessitate

114 1546 298 1586 coactus
331 1557 564 1585 assensum
595 1539 840 1598 praebensi
872 1546 1033 1585 contra
1053 1540 1424 1598 Engilscalcumk
1460 1547 1507 1586 et
1528 1544 1676 1585 Willi-

112 1602 318 1644 helmum
358 1603 496 1644 duces
535 1598 832 1644 Karlmannil
874 1603 1047 1657 proelia
1087 1616 1268 1645 movere
1310 1605 1357 1645 et
1397 1616 1473 1645 eos
1511 1617 1566 1645 ex
1602 1603 1676 1645 ob-

112 1662 246 1704 sessis
268 1661 531 1702 civitatibus
552 1661 779 1716 expellere
800 1661 979 1703 nititur.
1031 1661 1112 1702 Illi
1132 1675 1239 1703 vero
1261 1662 1475 1704 adversus
1497 1662 1677 1704 hostem

113 1721 211 1775 pari
251 1721 508 1762 intentione
549 1720 820 1762 dimicantes
861 1723 908 1762 et
946 1720 1194 1762 nonnullos
1240 1722 1296 1763 de
1337 1721 1539 1763 exercitu
1580 1721 1676 1762 eius

112 1781 453 1834 prosternentes
485 1792 589 1821 eum
620 1779 781 1833 fugere
813 1779 1147 1834 compulerunt.

253 1838 352 1880 Rex
381 1837 724 1879 Hludowicusm
760 1851 915 1880 mense
946 1838 1071 1880 Maio
1110 1839 1240 1880 iuxta
1281 1838 1545 1880 condictum
1585 1838 1676 1893 pla·
1690 1854 1759 1881 Mai.

113 1897 257 1938 citum
288 1897 414 1939 venit
455 1897 514 1938 ad
545 1896 704 1938 villam
734 1896 968 1939 Triburen·
984 1898 1020 1946 2;
1062 1897 1217 1951 ibique
1258 1897 1457 1938 filiorum
1491 1911 1677 1938 suorum

114 1956 288 1997 animos
330 1958 514 2010 propter
546 1952 941 2009 (excaecationem)
977 1952 1400 2010 [obcaecationem]⁰
1440 1956 1677 1998 cuiusdam

114 2014 304 2056 Saxonis
346 2015 405 2056 ad
444 2014 730 2056 iracundiam
775 2015 1057 2069 provocavit,
1105 2015 1172 2056 ita
1211 2017 1265 2056 ut
1305 2015 1365 2056 ad
1405 2015 1502 2056 eius
1543 2014 1677 2056 collo-

112 2073 272 2126 quium
303 2073 482 2114 nollent
502 2073 678 2123 venire;
713 2076 812 2115 erat
843 2074 966 2115 enim
995 2073 1047 2123 is,
1081 2074 1159 2128 qui
1181 2075 1449 2116 excaecatus
1463 2077 1482 2104 1’
1508 2073 1674 2123 fuerat,

113 2131 371 2173 Heimrichi
385 2135 405 2161 ‘¹
461 2132 641 2173 comitis
692 2131 962 2174 vassallusr.
1043 2132 1142 2174 Rex
1194 2134 1350 2174 autem
1400 2132 1518 2174 filios
1569 2133 1677 2174 inde

110 2193 403 2232 transeuntes
435 2191 484 2231 in
504 2190 616 2232 villa
639 2189 1027 2236 Gerinesheim⁸·³
1057 2194 1325 2246 prosecutus
1346 2191 1422 2232 vix
1453 2192 1512 2232 ad
1543 2205 1677 2232 suum

113 2249 327 2291 invitavit
354 2249 633 2303 colloquium
665 2251 712 2291 et
742 2249 925 2291 blandis
957 2249 1240 2292 sermonibus
1273 2252 1320 2292 et
1352 2249 1677 2292 beneficiorum

113 2308 525 2363 pollicitationibus
557 2308 710 2363 aliquo
741 2309 877 2350 modo
898 2309 1142 2363 mitigavit,
1177 2309 1342 2351 deinde
1364 2322 1518 2351 mense
1540 2309 1676 2350 Iunio
1692 2326 1756 2353 1un.

114 2367 172 2408 ad
204 2367 487 2409 occidentem
524 2367 758 2422 profectus
790 2367 891 2409 loca
922 2368 981 2409 ad
1013 2381 1059 2410 se
1091 2367 1372 2422 pertinentia
1402 2368 1675 2422 peragravit.

257 2425 441 2468 Interea
469 2424 787 2477 Zuentibald‘,
822 2439 927 2468 cum
956 2426 1114 2468 nullus
1146 2426 1348 2476 crimina,
1382 2439 1497 2480 quae
1529 2426 1571 2468 ei
1603 2426 1677 2468 ob-

114 2484 235 2526 iecta
273 2484 477 2535 fuerant,
520 2484 712 2540 probare
752 2485 994 2540 potuisset,
1038 2499 1066 2527 a
1105 2485 1419 2527 Karlmanno¹¹
1465 2485 1676 2526 dimissus

112 2588 143 2617 a)
163 2586 263 2614 carlm.
282 2587 307 2613 2.
326 2587 358 2614 F.
431 2586 463 2620 b)
481 2587 686 2613 franconofort
704 2587 745 2615 30.
817 2589 844 2618 c)
864 2588 967 2613 nuncii
987 2589 1012 2616 1.
1031 2587 1076 2615 δά.
1149 2586 1179 2618 d)
1199 2590 1230 2613 et
1243 2601 1276 2606 —
1289 2585 1382 2613 dilato
1402 2587 1459 2614 dee.
1477 2587 1502 2613 2.
1516 2587 1625 2614 3c.d.e.
1644 2587 1676 2614 F.

115 2624 143 2653 e)
164 2622 264 2647 rustici
284 2622 324 2650 30.
396 2623 421 2653 s)
439 2622 503 2647 eius
523 2622 548 2650 2.
567 2623 677 2650 3c.d.e.
696 2623 727 2650 F.
801 2625 830 2654 g)
850 2623 939 2655 sclag.
958 2630 1034 2650 corr.
1053 2623 1124 2655 slag.
1145 2624 1177 2655 ¹3
1197 2623 1269 2654 slag.
1289 2623 1313 2649 2.
1387 2622 1417 2653 h)
1438 2622 1495 2647 nisi
1514 2622 1623 2650 30.d.e,
1644 2623 1677 2650 F,

115 2658 137 2688 i)
157 2657 284 2689 prebens
303 2659 327 2685 l.
399 2657 430 2688 k)
450 2657 661 2690 eingilscacum
680 2659 720 2685 Se,
792 2658 814 2689 l)
833 2659 933 2685 car-lm.
948 2660 972 2686 1.
985 2659 1011 2686 2.
1024 2658 1056 2685 F.
1128 2660 1168 2688 m)
1187 2656 1296 2684 ludow.
1316 2658 1357 2684 30.
1430 2659 1461 2688 n)
1481 2657 1613 2683 tribuere
1632 2658 1677 2684 Sd.

115 2695 144 2723 ο)
164 2700 263 2720 excee.
285 2694 315 2724 ¹3
341 2693 460 2720 obeaee.
479 2693 504 2720 2.
523 2693 634 2720 3c.d.e.
653 2693 686 2720 F.
777 2695 808 2726 p)
827 2700 928 2721 cxcoc.
947 2694 971 2721 1.
1061 2695 1091 2725 q)
1111 2693 1261 2718 heinrichi
1281 2694 1305 2720 l.
1325 2693 1365 2719 30.
1456 2694 1481 2722 r)
1501 2693 1631 2718 vasallus
1652 2693 1678 2720 2.

112 2730 140 2758 z)
160 2728 386 2754 (zei-ichenheim
405 2729 443 2760 F;
465 2728 676 2760 genehesheim
696 2728 805 2756 3c.d.e.
879 2731 901 2759 t)
921 2727 1101 2754 Zuendlbalt
1121 2730 1151 2760 ις
1173 2728 1345 2753 Zuentibalt
1364 2728 1403 2755 δε.
1477 2730 1507 2759 ιι)
1527 2728 1626 2755 carlm.
1647 2728 1677 2760 2;

115 2763 246 2791 Karlom.
265 2764 316 2796 3d;
336 2763 481 2790 Carolom.
499 2764 531 2791 F.

117 2845 152 2888 1)
168 2847 211 2881 Α.
224 2846 306 2882 865.
324 2847 363 2879 in
376 2851 540 2880 conventu
553 2846 836 2887 Franoonofuni
847 2849 928 2890 post
939 2845 1075 2889 pascha
1093 2845 1231 2885 habito:
1248 2856 1278 2881 υ.
1290 2856 1415 2890 supra.
1488 2846 1524 2888 2)
1545 2846 1679 2879 Tribus·

114 2903 175 2925 seu
198 2893 333 2926 Trebur
348 2893 397 2926 ad
413 2894 577 2927 dea-tram
595 2893 712 2926 Rheni
726 2894 847 2937 ripam
860 2893 973 2936 paulo
988 2903 1101 2936 supra
1119 2893 1353 2935 Moquntiam.
1379 2893 1420 2928 P.
1493 2893 1529 2936 3)
1547 2893 1678 2927 Gerus-

113 2939 208 2973 heim
233 2941 281 2973 ad
305 2941 470 2974 dextram
495 2940 613 2974 Rheni
636 2950 749 2984 supra
779 2940 975 2975 Trihurem.
1013 2939 1054 2975 P.
