2020 3358
475 291 715 329 AUCTORE
739 291 1022 328 RUODOLFO.
1048 293 1119 336 ,A.
1144 295 1345 331 848—850.
1646 298 1691 332 39

133 416 253 472 perti
284 417 404 463 sunt,
437 415 549 469 quid
580 414 678 456 sine
709 413 874 454 timore
906 412 994 454 Dei
1025 413 1209 468 propria
1241 414 1518 456 discordium
1549 417 1691 470 possit

133 476 278 517 virtus
319 475 366 515 et
406 473 646 515 audaciaa.
716 471 887 513 Hostes
928 472 1051 513 enim
1097 472 1350 526 superiores
1398 472 1552 515 effecti
1596 488 1691 516 cae-

133 529 309 576 dendob
356 531 583 586 persecuti
624 533 732 572 sunt
773 543 848 572 eos
887 543 1031 584 usque
1071 531 1121 571 in
1161 532 1312 572 castra
1351 531 1690 586 occisorumque

131 592 277 647 spolia
307 591 356 632 in
387 592 635 644 conspectu
666 602 823 631 eorum
854 592 1037 631 securee
1077 589 1373 631 detrahentes
1405 587 1579 631 tantis‘1
1615 604 1691 632 eos

129 650 381 693 terroribus
413 649 681 697 affecerunt,
718 650 772 688 ut
805 648 1029 690 evadendi
1060 661 1139 702 spe
1171 648 1355 702 penitus
1387 648 1689 703 privarentur.

130 710 264 751 Unde
312 708 459 750 coacti
505 707 685 749 obsides
726 706 900 748 dabant
941 706 1027 757 eis,
1077 720 1104 748 a
1144 706 1309 760 quibus
1337 707 1578 762 ‘suscipere
1619 708 1691 749 de—

130 768 309 822 dignati
341 769 461 817 sunt,
493 769 548 807 ut
578 765 767 808 inlaesi⁰
796 765 854 806 ab
876 764 1087 807 hostibus
1119 767 1166 807 et
1197 766 1272 807 via
1297 768 1483 807 tantum
1504 765 1691 820 publica

130 828 372 882 pergentes
403 827 453 867 in
483 825 680 880 patriam
709 824 878 866 reverti
908 824 1181 879 potuissent.
1243 823 1305 865 Et
1335 827 1390 865 ut
1420 825 1565 866 maior
1591 838 1690 866 con-

129 886 250 928 fusio
281 883 651 940 superbientibus
680 885 727 925 et
749 883 806 924 de
828 896 911 924 sua
931 883 1104 925 virtute
1125 883 1523 937 praesumentibus
1545 883 1688 932 fieret,

130 944 325 998 contigit
357 944 517 986 eodem
548 956 669 984 anno
700 944 804 997 post
834 955 928 983 non
958 941 1096 983 multi
1126 942 1345 996 temporis
1377 938 1605 996 spatiumf
1641 942 1690 982 in

127 1003 240 1044 villa
270 1002 502 1044 Hohstedi
516 1001 543 1051 ¹,
586 1014 703 1055 quae
741 1003 810 1042 est
840 1001 890 1041 in
919 1001 1182 1042 territoriog
1215 1000 1523 1055 Mogontiaco,
1565 1001 1690 1056 spiri-

127 1065 229 1103 tum
259 1075 458 1115 nequam
488 1074 570 1115 per
590 1055 668 1102 os¹¹
695 1059 932 1102 cuiusdam
953 1054 1205 1114 arreptitiii
1236 1055 1532 1114 protestarik,
1566 1059 1689 1101 bello

129 1134 176 1163 se
217 1120 492 1162 Boemanico
533 1114 808 1174 praefuisse¹
855 1118 1089 1172 sociosque
1130 1131 1234 1160 suos
1281 1118 1493 1173 spiritum
1540 1131 1688 1173 super-

129 1179 273 1221 biae¹¹¹
315 1181 452 1232 atque
494 1178 781 1219 discordiaen
821 1176 978 1227 fuisse,
1020 1190 1213 1230 quorum
1253 1177 1421 1218 dolosis
1460 1177 1688 1218 machina-

127 1237 332 1279 tionibus
363 1237 529 1278 Franci
561 1236 804 1278 Boemanis
834 1238 967 1290 terga
996 1236 1254 1278 vertissent.

855 1360 957 1407 850.

269 1435 482 1477 DCCCL.
544 1435 706 1476 Roric⁰
752 1435 939 1476 natione
977 1434 1316 1484 Nordmannus,
1349 1434 1437 1488 ,qui
1476 1435 1687 1490 tempori·

126 1494 211 1536 bus
251 1493 513 1535 Hludowici
558 1493 845 1548 imperatoris
893 1507 997 1534 cum
1041 1492 1186 1535 fratre
1226 1492 1484 1535 Herialdop
1534 1494 1687 1535 vicum

126 1553 462 1595 Dorestadumq
498 1552 597 1594 iure
628 1551 840 1593 beneficii
869 1552 1035 1602 tenuit,
1068 1554 1172 1606 post
1193 1551 1372 1593 obitum
1398 1552 1686 1607 imperatoris

126 1611 346 1653 defuncto
382 1611 527 1652 fratre
559 1611 682 1666 apud
712 1609 1062 1661 Hlutharium1·‚
1104 1610 1182 1664 qui
1222 1611 1343 1665 patri
1380 1611 1599 1653 successit
1638 1611 1686 1652 in

124 1683 279 1724 regno,
312 1669 584 1725 proditionis
617 1669 805 1711 crimine
835 1669 968 1719 falso,
1001 1671 1055 1710 ut
1085 1669 1211 1711 fama
1243 1671 1357 1720 est⁸,
1393 1670 1685 1712 insimulatus

123 1731 280 1771 tentus
313 1731 360 1770 et
391 1729 440 1769 in
471 1728 727 1770 custodiam
765 1728 930 1770 missus
968 1730 1051 1770 est.
1114 1727 1249 1770 Unde
1288 1728 1402 1783 fuga
1442 1728 1596 1784 lapsus
1636 1730 1685 1770 in

124 1788 262 1830 fidem
283 1787 545 1829 Hludowici
575 1787 696 1841 regis
728 1786 1023 1829 orientalium
1044 1787 1326 1829 Francorum
1346 1788 1547 1837 veniens,
1581 1801 1686 1829 cum

124 1859 204 1901 per
235 1859 377 1888 annos
409 1846 586 1900 aliquot
616 1845 682 1887 ibi
712 1848 968 1888 moraretur
999 1848 1046 1887 et
1077 1846 1200 1888 inter
1227 1845 1440 1896 Saxones,
1474 1847 1553 1900 qui
1585 1859 1684 1888 con-

124 1905 236 1946 fines
268 1905 577 1946 Nordmannis
617 1907 738 1954 sunt,
780 1905 1064 1955 mansitaret,
1107 1904 1302 1946 collecta
1338 1905 1684 1959 Danigenarum

123 1977 216 2004 non
248 1964 427 2005 modica
457 1977 598 2004 manu
630 1961 804 2018 coepitt
834 1963 1076 2018 piraticam
1101 1976 1311 2006 exercere
1343 1966 1391 2005 et
1422 1963 1524 2005 loca
1553 1965 1684 2019 regni

124 2021 364 2063 Hlutharii
377 2025 392 2044 f
420 2021 792 2077 septentrionalis
819 2022 980 2064 oceani
1009 2021 1222 2064 litoribus
1249 2023 1468 2076 contigua
1488 2025 1682 2065 vastare.

123 2080 352 2135 Venitquc
394 2094 475 2135 per
505 2081 650 2122 ostiau
685 2080 838 2122 Rheni
869 2080 1071 2122 fluminis
1102 2080 1441 2123 Dorestadumv
1477 2084 1525 2123 et
1556 2094 1684 2123 occu-

123 2140 249 2194 pavit
290 2153 391 2182 eam
431 2142 569 2194 atque
610 2139 833 2194 possedit;
876 2142 923 2181 et
961 2153 1066 2181 cum
1103 2153 1130 2181 a
1161 2139 1442 2182 Hluthario¹
1477 2140 1683 2195 principe

123 2198 220 2240 sine
251 2198 454 2253 periculo
486 2211 671 2239 suorum
701 2211 795 2239 non
826 2200 979 2253 posset
1008 2198 1188 2254 expelli,
1223 2212 1327 2240 cum
1349 2199 1537 2240 consilio
1559 2212 1683 2243 sena-

121 2259 197 2297 tus
219 2256 384 2311 legatis
405 2256 716 2299 mediantibus
737 2257 786 2298 in
807 2257 945 2299 fidem
965 2260 1178 2312 receptus
1200 2260 1270 2300 est
1293 2271 1346 2300 ea
1369 2258 1681 2308 condicioneW,

122 2318 175 2355 ut
219 2315 407 2356 tributis
458 2316 711 2370 ceterisque
758 2316 956 2370 negotiis
1012 2317 1071 2357 ad
1110 2317 1230 2371 regis
1277 2317 1504 2359 aerarium
1549 2318 1683 2372 perti-

122 2373 338 2415 nentibus
360 2374 559 2416 fideliter
579 2374 820 2417 inserviret
852 2377 899 2417 et
930 2375 1135 2430 piraticis
1156 2375 1394 2418 Danorum
1419 2376 1682 2417 incursioni-

124 2430 209 2472 bus
240 2431 465 2474 obviando
495 2433 743 2475 resisteret.

265 2489 550 2532 Nordmanni
601 2490 855 2534 Godafrido
913 2493 1029 2534 duce
1086 2506 1168 2548 per
1219 2492 1478 2547 Sequanam
1532 2506 1683 2535 ascen·
1696 2506 1767 2538 (852.
1778 2505 1843 2534 οε(
1853 2506 1891 2537 9).

123 2628 152 2655 a)
170 2624 293 2652 audatia
312 2627 344 2658 25
364 2625 487 2653 andana
506 2627 636 2653 radendo
655 2635 730 2656 corr.
749 2627 876 2655 audacia
895 2630 920 2657 3.
992 2629 1022 2661 b)
1042 2628 1177 2656 cedendo
1191 2631 1215 2658 1.
1228 2631 1253 2657 11.
1326 2632 1353 2661 c)
1371 2630 1470 2656 securi
1489 2638 1578 2655 manu
1590 2631 1682 2663 prim.

118 2661 272 2692 postmodo
292 2662 421 2687 additum
442 2663 467 2689 3.
539 2660 570 2694 d)
590 2664 740 2696 tantisque
760 2664 785 2691 3.
852 2666 880 2695 e)
899 2665 987 2690 inlesi
1007 2667 1032 2692 1.
1051 2665 1076 2693 3.
1142 2665 1167 2696 f)
1184 2665 1319 2700 spacium
1338 2667 1364 2693 3.
1435 2667 1465 2698 ε)
1484 2666 1638 2692 territurio
1657 2668 1682 2694 1.

123 2696 153 2725 h)
172 2697 246 2721 dcent
267 2698 298 2729 1;
328 2697 381 2722 hos
400 2698 425 2725 3.
525 2698 546 2728 i)
571 2699 683 2732 arepcii
703 2699 728 2726 3.
827 2699 860 2731 k)
885 2700 960 2725 deest
978 2700 1003 2727 2.
1103 2701 1124 2732 l)
1148 2701 1297 2735 prefuisse
1320 2703 1343 2728 1.
1433 2703 1474 2733 m)
1496 2701 1637 2736 superbie
1656 2702 1681 2729 3.

122 2734 153 2762 n)
172 2730 322 2757 discordie
341 2733 368 2760 3.
439 2734 467 2764 ο)
486 2733 579 2758 Rorih
600 2735 624 2761 1.
637 2734 671 2767 23
696 2734 795 2759 Rome
813 2735 846 2767 3;
875 2736 912 2766 cr.
932 2743 959 2763 a.
978 2735 1039 2762 854.
1057 2738 1083 2760 et
1101 2736 1164 2763 857.
1235 2738 1266 2771 p)
1286 2735 1421 2762 herioldo
1440 2737 1474 2770 25
1499 2735 1635 2763 harialdo
1656 2738 1681 2764 3.

122 2769 152 2798 q)
172 2765 356 2793 dorestatum
375 2767 401 2795 2.
474 2770 499 2799 r)
518 2768 611 2796 hloth.
631 2770 655 2794 1.
675 2769 700 2797 2,
771 2771 797 2801 s)
815 2770 890 2795 decet
911 2771 934 2796 1.
1007 2773 1031 2802 t)
1050 2771 1132 2805 cepit
1149 2772 1175 2798 3.
1247 2773 1278 2803 ιι)
1297 2775 1381 2798 osten
1401 2774 1425 2800 1.
1497 2774 1528 2805 v)
1547 2770 1681 2798 doresta-

122 2806 183 2828 tum
204 2804 228 2830 1.
247 2803 272 2830 2.
345 2805 384 2834 w)
404 2802 575 2830 conditione
596 2805 620 2832 1.

121 2919 157 2963 1)
180 2919 311 2954 ΗόοῙιει
335 2921 384 2954 ad
408 2921 572 2955 Moenum
604 2922 706 2963 infra
731 2922 1034 2965 Francofurdum.
1072 2923 1112 2959 P.
