2020 3358
8 2526 25 2631 ema-a·
8 2439 20 2499 ..su
14 2347 18 2358 ,.

562 314 762 351 CONTIN.
786 314 977 351 ALTAH.
1026 315 1073 352 A.
1098 318 1300 354 898-900,
1642 320 1711 355 133

152 452 271 480 1111118
302 436 552 480 vocabatur
583 434 799 485 Gramau,
840 435 920 489 qui
959 448 1064 477 reus
1104 435 1360 480 maiestatis
1402 439 1635 480 convictus
1667 442 1715 481 et

152 497 255 539 ideo
278 495 449 550 Otinga
469 494 726 537 decollatus
747 496 829 544 est,
848 507 874 530 ÷÷
887 493 1005 535 alter
1035 507 1141 536 vero
1172 494 1287 548 fuga
1318 496 1472 551 lapsus
1504 498 1553 538 iu
1575 497 1715 539 Italia

0 569 140 602 3,·149.
152 555 311 605 latuit;
349 551 448 596 *et*
485 553 577 595 alia
613 565 793 607 quoque
832 552 1008 594 femina
1045 552 1231 594 nomine
1261 551 1556 610 Ruodpurcb‚
1599 568 1714 610 quae

153 615 355 657 eiusdem
386 612 568 654 sceleris
600 611 780 654 auctrix
810 611 1095 666 deprehensa
1125 613 1251 654 certa
1282 614 1620 656 examinatione
1650 614 1714 655 iu-

150 672 433 721 veniebatur,
465 670 701 726 Eipiliuga
714 670 730 695 ¹
760 669 810 711 iu
840 669 1051 725 patibulo
1084 683 1304 725 suspensa
1334 672 1559 714 interiit0.

264 730 512 784 ÷÷Deuique
542 743 636 771 uon
667 731 771 784 post
800 727 1001 770 multum
1026 730 1246 784 temporis
1268 730 1465 772 Bawarii
1494 731 1714 773 terminos

149 790 444 832 Maraborum
484 788 767 830 confidenter
809 787 977 829 iterato
1017 787 1246 831 intrantes
1288 791 1353 839 et,
1401 802 1714 844 quaecumque

150 851 376 903 poterant,
411 847 666 902 diripiendo
687 846 896 901 populati
917 848 1026 888 suut
1048 849 1094 888 et
1117 847 1482 890 Zentobolchum
1506 861 1711 903 puerum,

150 906 297 948 filium
342 906 522 960 antiqui
569 905 698 947 ducis
739 904 1072 947 Zueutobolchi
1119 919 1342 960 suumque
1388 907 1610 962 populum
1657 907 1714 949 de

149 965 382 1019 ergastulo
414 964 627 1014 civitatis,
668 964 718 1005 iu
758 978 848 1018 quo
884 963 1052 1006 inclusi
1091 965 1404 1015 morabantur,
1447 966 1715 1020 eripuerunt

148 1024 383 1079 ipsamque
406 1023 639 1065 civitatem
660 1023 758 1077 igni
780 1023 1118 1065 succenderunt
1149 1026 1287 1078 atque
1318 1025 1368 1065 iu
1394 1024 1507 1067 fines
1538 1025 1714 1080 patriae

149 1096 258 1125 suae
289 1097 370 1138 pro
402 1082 713 1124 misericordia
743 1095 899 1124 secum
930 1081 1234 1124 abduxerunt.

263 1141 493 1183 ÷÷1nterim
525 1143 681 1183 autem
712 1141 944 1182 Isauricus
983 1142 1278 1196 tyrannidem
1318 1155 1448 1183 suam
1487 1142 1584 1184 sine
1625 1155 1713 1184 ces·

150 1201 326 1242 satione
358 1202 519 1242 contra
548 1213 703 1254 regem
734 1213 961 1242 exercens.
1010 1198 1144 1251 Quod
1164 1201 1462 1243 vehementer
1491 1213 1571 1242 rex
1602 1200 1713 1242 acci-

149 1260 278 1314 piens
325 1259 527 1301 decrevit
572 1259 775 1313 navigio,
824 1258 932 1313 quia
979 1259 1072 1299 iam
1117 1261 1230 1300 tuuc
1270 1259 1478 1301 infirmus
1526 1272 1713 1314 corpore

148 1318 436 1372 fatigaretur,
479 1318 714 1359 civitatem
744 1317 1057 1359 Mutareusem
1072 1318 1099 1367 2,
1141 1318 1190 1359 iu
1228 1331 1319 1372 qua
1353 1318 1451 1373 ipse
1482 1317 1713 1360 Isauricus

149 1377 274 1418 intus
315 1379 426 1426 erat,
468 1376 677 1430 aggredi;
721 1376 843 1430 quod
884 1378 931 1418 et
969 1376 1149 1417 factum
1190 1379 1274 1418 est.
1338 1377 1428 1418 Illo
1466 1390 1573 1419 vero
1609 1377 1714 1418 resi-

148 1437 311 1484 stente,
353 1448 460 1489 rege
501 1448 679 1488 quoque
712 1437 759 1476 et
790 1435 883 1476 suis
922 1435 1108 1476 fortiter
1137 1435 1422 1489 viriliterque
1462 1435 1713 1490 superanti-

148 1493 233 1535 bus
266 1496 404 1547 atque
437 1493 671 1535 civitatem
702 1493 1090 1548 obpugnantibus,
1132 1494 1317 1535 demum
1353 1494 1450 1548 ipse
1482 1493 1712 1535 Isauricus

147 1553 194 1593 vi
234 1552 479 1607 conpulsus
521 1565 624 1593 cum
664 1565 802 1593 uxore
843 1554 890 1593 et
930 1552 1014 1602 his,
1058 1565 1174 1606 quae
1216 1553 1275 1594 ad
1315 1565 1363 1594 se
1403 1552 1710 1607 pertinebant,

149 1611 289 1653 exivit
321 1613 368 1653 et
398 1611 664 1666 imperatori
695 1623 792 1652 sese
823 1611 1119 1666 presentavit.
1178 1611 1306 1652 Tunc
1335 1624 1415 1653 rex
1445 1610 1712 1653 custodibus

148 1669 283 1711 illum
329 1670 681 1712 custodiendum
727 1670 1083 1720 commendavit,
1133 1670 1349 1724 quatinus
1389 1670 1712 1724 Radaspouam

14 1762 22 1788 ξ
148 1729 491 1784 produceretur.
553 1729 617 1770 At
647 1728 728 1771 ille
758 1729 939 1777 timeus,
972 1742 1030 1770 ue
1055 1729 1308 1783 puniretur,
1341 1729 1502 1783 fugam
1532 1729 1638 1770 iniit
1664 1731 1712 1771 et

13 1791 22 1807 ·”
44 1799 135 1829 ⁶246.
148 1788 207 1829 ad
243 1788 537 1830 Marehenses
573 1801 718 1841 usque
757 1784 1013 1841 confugitd.
1071 1785 1114 1823 *÷÷
1124 1787 1372 1839 Quorume·
1387 1787 1403 1812 3
1441 1788 1597 1841 itaque
1637 1788 1711 1830 ad-

147 1847 315 1888 iutorio
347 1846 579 1896 suffultus,
612 1849 666 1887 ut
697 1846 835 1901 prius,
871 1848 1051 1901 partem
1081 1847 1212 1901 regui
1242 1846 1484 1901 subripuit,
1518 1847 1711 1888 eandem

145 1908 298 1947 totum
330 1918 484 1947 secum
513 1905 756 1947 retinendo
788 1905 1004 1946 obtinuit.

290 1964 582 2018 Eugilmarus
604 1964 889 2006 Patavieusis
911 1964 1150 2019 episcopus
1171 1963 1300 2015 obiit,
1333 1964 1382 2005 in
1404 1964 1532 2005 cuius
1557 1963 1863 2007 100111116111113).

146 2023 395 2078 Wihiugus
417 2023 605 2077 quidam
625 2023 910 2064 Alamannus
937 2026 1098 2064 contra
1118 2023 1335 2064 instituta
1355 2025 1551 2078 patrum,
1585 2022 1710 2077 prius

146 2082 490 2124 Marahaveusis
523 2082 580 2123 ab
613 2082 863 2137 apostolico
896 2082 1154 2123 destinatus
1187 2082 1436 2137 episcopus,
1470 2094 1577 2136 rege
1609 2094 1709 2123 cou-

147 2142 339 2183 cedente
371 2141 603 2183 successit.
666 2141 757 2183 Sed
787 2154 881 2182 nou
911 2140 1059 2182 multo
1091 2143 1195 2196 post
1226 2154 1254 2182 a
1285 2141 1533 2182 Deotmaro
1568 2140 1709 2182 archi-

147 2200 387 2255 episcopo⁴
433 2200 685 2254 ceterisque
732 2199 1034 2254 suffraganeis
1080 2200 1173 2241 suis
1220 2202 1381 2241 contra
1422 2198 1710 2241 voluntatem

146 2259 264 2313 regis
305 2259 560 2300 canonicali
600 2258 771 2300 iudicio
812 2258 1017 2300 abiectus
1049 2271 1102 2300 ac
1133 2258 1383 2300 Rihharius
1421 2258 1480 2299 ad
1516 2258 1709 2299 eandem

146 2318 300 2360 sedem
332 2318 569 2373 episcopus
600 2318 650 2358 in
680 2318 729 2359 id
760 2318 910 2372 ipsum
940 2319 1122 2372 tempus
1154 2317 1391 2359 ordinatus
1423 2319 1506 2359 est.

877 2430 977 2478 900.

289 2505 502 2548 DCOCO.
565 2506 822 2561 Imperator
860 2505 974 2548 urbe
1014 2506 1290 2560 Radaspoua
1332 2505 1453 2546 diem
1491 2503 1708 2544 ultimum
1720 2516 1791 2547 (899.
1802 2516 1919 2548 noem).

148 2564 314 2607 clausit
346 2567 393 2606 et
425 2565 673 2606 honorifice
710 2564 759 2606 iu
791 2565 925 2607 domo
957 2565 1105 2606 sancti
1137 2563 1459 2605 Emmerammi
1496 2561 1707 2616 martyris

146 2693 175 2721 a)
195 2691 230 2715 26
249 2691 350 2722 lineae,
373 2698 495 2722 quarum
515 2691 634 2715 ultimae
652 2691 726 2715 duae
746 2698 851 2716 vacuae
869 2691 895 2717 3.
979 2690 1010 2720 b)
1030 2686 1162 2722 rssdpure
1181 2690 1206 2717 3.
1291 2691 1317 2719 c)
1332 2691 1400 2720 pont
1419 2688 1535 2714 interiit
1554 2687 1708 2712 nonnullae

147 2726 258 2750 litterae
279 2727 434 2751 exstinctae
451 2729 525 2753 sunt.
606 2725 637 2756 d)
653 2729 719 2758 post
739 2726 791 2751 hoc
811 2726 925 2751 verbum
944 2726 1019 2750 duae
1038 2726 1130 2750 lineae
1148 2731 1255 2749 vacuae
1274 2726 1438 2749 manserunt
1457 2724 1481 2750 3.
1559 2725 1586 2753 e)
1607 2723 1708 2747 abhinc

147 2762 233 2786 tertia
253 2770 357 2787 ηιακιιε
376 2764 538 2786 atramento
558 2762 669 2786 atriore
687 2762 712 2788 3.

148 2856 183 2898 1)
206 2856 366 2898 Aibliny.
487 2857 523 2899 2)
557 2856 726 2889 Mutare„
750 2855 1047 2897 Nibelunyorum,
1084 2854 1186 2887 hodie
1219 2853 1388 2886 Mantern
1420 2852 1468 2886 ad
1502 2851 1708 2885 Danubium

142 2913 254 2946 prope
280 2904 498 2937 Gottwicum.
536 2903 576 2939 P.
628 2903 683 2944 Cf.
709 2902 897 2936 Dilmmler
921 2901 998 2944 III,
1022 2913 1059 2945 p.
1078 2901 1161 2936 464.
1257 2902 1294 2943 3)
1316 2900 1411 2933 Hinc
1434 2899 1532 2933 alius
1555 2899 1709 2942 scriptor

147 2950 296 2984 annales
319 2951 546 2986 continuavit.
643 2951 680 2992 4)
703 2949 966 2992 Salzburqensi.
