2020 3358
520 337 719 374 CONTIN.
743 337 1013 376 RATISBON.
1061 339 1108 376 A.
1133 341 1334 378 887-889.
1634 344 1703 379 117

291 458 478 500 Italiam
500 457 711 511 equidem
733 470 837 498 cum
858 458 1060 499 exercitu
1093 459 1280 512 aggredi
1309 460 1407 513 regi
1429 461 1702 516 conplacuit,
1716 477 1772 508 (xo
1774 479 1822 508 v..)

149 518 229 559 sed
268 516 589 570 Perangarius‚
637 515 716 569 qui
755 528 999 570 parumper
1039 517 1177 558 antea
1215 529 1320 557 cum
1350 517 1537 560 Witone
1578 520 1704 561 dimi-

150 589 257 617 cans
272 574 521 617 lcruenter
538 577 748 629 tyranno,
771 574 858 615 hoc
880 587 1168 628 praecavens,
1193 588 1253 616 ne
1274 575 1492 617 Italicum
1512 590 1705 645 regnum

149 647 252 675 cum
272 636 367 675 tam
387 633 541 674 valida
561 646 701 674 manu
721 633 1002 686 ingressum*
1028 645 1267 688 perperam
1288 635 1534 688 pateretur,
1557 636 1703 678 missis

148 694 256 734 ante
287 705 334 733 se
365 691 647 746 principibus
687 691 793 741 suis,
835 691 933 745 ipse
963 703 1070 732 vero
1102 691 1270 747 oppido
1301 691 1548 734 Tarentino
1562 694 1578 718 ²
1606 694 1704 748 regi

148 763 195 792 se
234 750 555 805 praesentavit.
618 748 688 792 Ob
719 750 767 791 id
798 762 906 803 ergo
938 751 985 791 et
1017 762 1044 791 a
1072 763 1180 804 rege
1218 753 1287 792 est
1328 750 1578 794 clementer
1613 765 1703 794 sus-

148 811 319 863 ceptus,
353 808 510 862 nilque
542 808 585 850 ei
616 807 885 861 antequisiti
915 808 1046 862 regni
1078 808 1382 858 abstrahitur;
1416 810 1704 865 excipiuntur

147 869 297 908 curtes
342 866 525 908 Navum
570 869 616 908 et
663 866 836 920 Sagum
847 865 876 906 3.
953 866 1186 908 Exercitui
1237 867 1393 922 itaque
1438 881 1532 910 non
1576 882 1703 911 mora

145 924 324 966 licitum
365 927 463 966 erat
503 925 689 966 domum
728 925 963 966 redeundi.
1025 925 1124 967 Rex
1163 928 1319 968 autem
1355 927 1511 981 paucis
1548 940 1701 969 secum

145 983 388 1038 assumptis
426 983 594 1025 Forum
625 983 829 1025 Iuliense
869 985 1116 1038 penetrans
1157 986 1334 1026 curtem
1365 983 1702 1027 Gorontanam4

143 1042 299 1084 natale
340 1042 527 1083 Domini
568 1041 830 1084 celebravit.
897 1042 1047 1084 Tanta
1084 1056 1280 1097 namque
1320 1043 1369 1084 in
1409 1043 1498 1085 isto
1537 1044 1701 1087 itinere
1716 1060 1840 1088 necea.

144 1101 453 1142 consternatio
485 1101 754 1154 equinorum
786 1101 1058 1142 cadaverum
1079 1101 1145 1151 fit,
1177 1104 1231 1143 ut
1251 1101 1327 1143 vix
1346 1115 1563 1156 umquam
1592 1103 1700 1144 talis

144 1159 242 1201 fieri
273 1160 490 1201 memoria
519 1159 790 1201 mortalibus
819 1160 1043 1201 traditum
1075 1160 1148 1201 sit.

868 1259 971 1306 889.

285 1333 788 1376 DOCCLXXXVIIII.
879 1334 1148 1376 Liutbertus
1209 1335 1508 1390 Magontinae
1573 1336 1699 1378 urbis

143 1392 309 1434 nobilis
342 1393 708 1448 archiepiscopus
740 1392 797 1434 ab
829 1394 915 1434 hac
946 1393 1043 1434 vita
1073 1393 1301 1447 migravit.
1350 1393 1490 1435 Cuius
1515 1394 1699 1436 vivendi
1713 1410 1875 1442 (Febr.1·1).

142 1451 252 1492 ordo
284 1451 409 1504 quali
440 1451 671 1505 probitate
701 1454 920 1501 maneret,
953 1464 1034 1506 per
1059 1452 1212 1493 omnia
1242 1451 1431 1506 longum
1461 1454 1532 1494 est
1551 1452 1698 1508 'expli-

142 1521 257 1550 care.
304 1509 476 1551 Tamen
507 1509 617 1551 licet
647 1523 806 1564 pauca,
839 1510 889 1550 in
917 1509 1190 1563 quibusdam
1210 1509 1472 1552 versiculis⁵
1500 1510 1699 1554 breviter

141 1568 429 1622 expediatur:

258 1626 434 1680 Largus
466 1628 565 1668 erat
595 1626 807 1675 multum,
840 1626 1024 1681 paciens
1056 1626 1345 1681 humilisque,
1379 1627 1617 1682 benignus,

319 1684 542 1726 Omnibus
574 1684 833 1740 exemplum
863 1685 913 1726 in
943 1684 1152 1727 bonitate
1182 1699 1393 1736 manens;

258 1743 419 1785 Hister
450 1757 541 1797 qua
570 1743 726 1785 fluitat
756 1744 899 1785 currit
930 1743 1207 1798 Hrenusque
1239 1744 1436 1786 bicornis
1449 1745 1477 1795 ⁶,

316 1802 555 1844 Litterulis
588 1802 734 1844 doctis
766 1802 942 1844 doctior
972 1802 1053 1845 ille
1083 1803 1188 1844 fuit.

281 1859 430 1902 Grave
460 1861 603 1915 igitur
632 1863 814 1916 tempus
839 1862 925 1902 hoc
948 1874 1068 1903 anno
1089 1861 1342 1903 incanduit.
1389 1861 1510 1903 Nam
1530 1861 1697 1904 Italica

138 1919 280 1961 febris
300 1920 537 1961 tussiendo
559 1919 860 1974 perplurimos
880 1919 1088 1969 vexabat,
1121 1920 1444 1962 inundationes
1475 1933 1696 1974 aquarum

138 1978 240 2032 plus
281 1978 416 2019 solito
449 1991 699 2027 excrevere,
742 1978 896 2020 civilia
934 1978 1060 2020 bella
1099 1978 1448 2032 circumquaque
1487 1979 1695 2033 regiones

139 2038 511 2090 conquassantur,
545 2036 811 2092 pestilentia
841 2037 1032 2092 sparsim
1064 2050 1116 2078 ac
1146 2037 1292 2079 fames
1313 2037 1551 2092 inopinata
1570 2037 1696 2079 ultra

138 2095 324 2136 modum
344 2095 568 2137 incubuit.
617 2094 850 2137 Grandine
871 2108 978 2137 vero
1010 2096 1218 2137 contritis
1248 2095 1458 2150 frugibus
1479 2095 1694 2138 mortales

137 2188 167 2217 a)
185 2186 329 2218 {gressum
348 2186 374 2214 3.

139 2258 173 2298 1)
196 2257 324 2299 Puqna
345 2267 456 2300 prope
480 2257 651 2291 Brioeiam
685 2257 780 2290 cirea
813 2267 962 2291 mensem
989 2256 1166 2291 Octobrem
1196 2258 1382 2290 commissa
1391 2268 1405 2297 ,·
1438 2257 1484 2299 cf.
1509 2256 1696 2290 demler

137 2304 211 2346 III,
243 2315 280 2347 p.
306 2305 376 2339 324
399 2315 450 2347 sq.
570 2304 608 2347 2)
640 2304 670 2339 Ι.
695 2314 722 2339 e.
752 2303 980 2343 Tridentino:
1015 2314 1100 2337 nam
1131 2304 1315 2346 Arnnlfus
1346 2308 1421 2337 tum
1454 2305 1494 2337 in
1518 2303 1695 2337 Baioaria

136 2351 357 2387 morabatur.
393 2351 435 2386 P.
547 2351 584 2394 3)
606 2351 721 2384 Locus
743 2351 922 2395 explicatu
946 2351 1122 2393 difficilis,
1148 2351 1208 2384 cui
1229 2361 1289 2384 nee
1313 2351 1462 2384 editores
1484 2360 1544 2384 neo
1569 2351 1694 2384 lexico-

136 2398 272 2441 graphi
296 2398 404 2431 lucem
428 2397 646 2440 offuderunt.
695 2398 836 2431 Nabum
860 2408 1115 2442 nonnunquam
1135 2408 1206 2442 pro
1229 2398 1393 2440 strayulo
1417 2397 1538 2431 diebus
1561 2398 1696 2439 festivis

136 2455 221 2488 equo
255 2445 421 2488 imposito
450 2449 662 2489 usurpatur,
694 2445 915 2487 Berenyario
939 2446 1054 2487 iyitur
1078 2455 1226 2488 reynum
1251 2455 1291 2478 ea
1315 2445 1511 2478 conditione
1534 2444 1695 2477 relietum

135 2502 206 2525 esse
229 2492 435 2534 existimem,
462 2495 501 2524 ut
517 2492 666 2534 Arnulfi
689 2502 724 2525 se
740 2492 933 2526 vassallum
955 2492 1196 2536 profiteretur.
1237 2491 1424 2524 Vassallus
1447 2492 1539 2524 enim
1563 2491 1696 2532 fundos

136 2539 285 2580 (canes)
310 2549 333 2571 a
357 2539 498 2571 domino
521 2539 649 2582 accipit
677 2540 774 2582 eique
797 2550 832 2572 se
856 2539 1106 2581 festivitatibus
1128 2542 1160 2572 et
1181 2538 1327 2582 placitis
1359 2538 1483 2580 (navo)
1517 2548 1622 2581 aeque
1653 2548 1695 2571 ae

135 2586 287 2618 militiae
303 2586 424 2628 (sayo)
445 2590 616 2629 paratum
638 2585 799 2619 exhibere
815 2586 920 2621 debet.
957 2586 1118 2619 Eandem
1134 2586 1365 2619 conditionem
1384 2585 1534 2618 Odonem
1553 2584 1695 2618 Galliae

135 2643 250 2675 reqem
281 2632 428 2665 subiisse
451 2642 565 2676 supra
588 2633 742 2666 vidimus
765 2637 796 2666 et
820 2643 914 2666 anno
937 2633 1020 2669 895.
1053 2632 1256 2667 videbimus.
1293 2632 1334 2667 P.
1383 2632 1461 2674 Eyo
1493 2632 1543 2665 eis
1575 2641 1694 2664 assen-

136 2679 292 2712 tiendum
316 2689 386 2712 esse
409 2680 581 2722 existimo,
608 2680 672 2722 qui
686 2680 827 2713 Navum
847 2684 879 2713 et
896 2679 1030 2722 Sayum
1054 2679 1199 2713 nomina
1225 2679 1381 2712 locorum
1405 2679 1517 2720 fuisse
1540 2682 1694 2718 censent,-

135 2727 181 2768 οἵ.
206 2726 394 2759 Dt'c‘mmler
417 2726 491 2768 III,
522 2738 560 2770 p.
586 2727 668 2762 325.
793 2727 830 2769 4)
863 2727 945 2760 Duo
968 2726 1118 2769 Arnulfi
1151 2726 1347 2770 diplomata
1380 2729 1502 2759 extant
1534 2725 1621 2758 data
1654 2726 1694 2758 in

137 2772 338 2806 Carentano
361 2773 418 2806 die
441 2774 498 2808 26.
524 2773 723 2806 Decembris
747 2773 856 2807 huius
878 2774 970 2806 anni
1001 2772 1253 2816 (Mahlbacher
1279 2772 1382 2808 1759.
1409 2772 1531 2813 1760).
1575 2772 1614 2807 V.
1641 2771 1693 2807 cl.

135 2819 199 2855 Fr.
226 2820 317 2855 Xav.
343 2819 509 2854 Richtero
541 2821 580 2853 in
612 2820 742 2853 litteris
769 2820 818 2853 ad
842 2830 894 2853 me
918 2820 1015 2853 datis
1038 2820 1210 2862 referente
1234 2818 1400 2862 hodieque
1424 2818 1523 2852 haud
1548 2818 1646 2861 lonqe
1669 2829 1693 2851 a

136 2866 379 2908 Klaqenfurto
406 2867 542 2901 viculus
565 2865 766 2910 Kamburg
798 2871 907 2909 aetat,
938 2867 1103 2911 proxime
1136 2876 1298 2910 campum
1327 2864 1410 2899 Zol-
1440 2866 1510 2899 eive
1534 2863 1693 2899 saalfeld

136 2913 389 2955 (Mariasaal).
426 2914 467 2949 P.
518 2913 574 2956 Cf.
599 2914 786 2947 Dammler
810 2913 884 2957 ΙΙΙ,
911 2925 948 2958 p.
975 2914 1056 2950 329.
1154 2913 1190 2955 5)
1215 2913 1308 2955 Quos
1330 2912 1441 2946 edidit
1465 2913 1570 2946 etiam
1595 2910 1697 2954 Jaffe'

136 2960 322 3002 (Biblioth.
348 2971 420 2996 rer.
448 2961 565 2997 Germ.
591 2961 665 3004 III,
687 2972 726 3005 p.
745 2961 844 3003 717).
941 2961 978 3003 6)
1001 2960 1058 3002 Cf.
1083 2960 1170 2996 Aen.
1194 2959 1296 3003 VIII,
1325 2960 1404 2995 727.
