2020 3358
468 296 707 334 AUCTORE
731 296 1016 334 RUODOLFO.
1035 323 1043 331 .
1066 298 1112 335 A.
1139 301 1339 337 846-848.
1642 304 1687 337 37

126 420 332 476 partibus
372 418 555 460 nomine
595 417 763 459 Thiota
804 418 1293 472 pseudoprophetissaa
1340 419 1686 474 Mogontiacum

126 480 265 528 venit,
308 490 423 532 quae
456 476 711 518 Salomonis
752 476 951 531 episcopi
967 475 982 500 1
1021 473 1361 531 parroechiamb
1408 479 1501 520 suis
1532 481 1686 521 vatici-

125 538 213 579 niis
241 550 333 578 non
356 536 569 577 minimee
597 534 879 576 turbaverat.
942 534 1062 576 Nam
1085 537 1261 577 certum
1283 538 1686 579 consummationis

127 596 269 638 seculi
307 595 428 637 diem
465 594 646 648 aliaque
687 593 903 648 perplura
934 593 1022 635 Dei
1063 593 1203 635 solius
1242 591 1465 636 notitiaed
1502 597 1687 649 cognita

127 655 255 709 quasi
295 653 516 695 divinitus
557 652 644 694 sibi
684 652 889 694 revelata
930 652 1043 694 scire
1085 666 1132 694 se
1172 652 1410 695 fatebatur
1449 655 1495 695 et
1527 654 1688 696 eodem

126 727 246 755 anno
277 713 493 754 ultimum
532 711 653 753 diem
690 711 861 752 mundo
902 711 1139 753 imminere
1180 711 1490 766 praedicabat.
1553 712 1687 754 Unde

126 772 261 813 multi
301 771 533 826 plebeium
572 770 812 823 utriusque
853 783 985 811 sexus
1024 770 1189 812 timore
1231 770 1454 824 perculsie
1495 771 1553 812 ad
1588 784 1695 813 eam.

125 831 362 873 venientes
393 842 583 871 munera
614 828 684 869 illi
716 823 1001 870 offerebantf
1037 841 1174 882 seque
1207 829 1491 871 orationibus
1522 829 1685 871 illiusg

128 888 526 937 commendabant;
576 890 640 937 et,
690 887 812 940 quod
858 887 1040 941 gravius
1089 890 1175 937 est,
1225 888 1341 929 sacri
1387 888 1559 930 ordinis
1602 889 1688 929 viri

126 948 356 990 doctrinas
388 946 718 989 ecclesiasticas
750 948 1078 1000 postponentes
1110 946 1239 987 illam
1270 946 1399 1000 quasi
1419 947 1688 1001 magistram

127 1007 319 1048 caelitus
332 1001 352 1029 ¹¹
395 1006 674 1048 destinatam
714 1004 1037 1058 sequebantur.
1099 1004 1228 1046 Haec
1269 1005 1318 1045 in
1349 1001 1678 1060 praesentiami

126 1066 441 1120 episcoporum
457 1111 462 1114 .
481 1064 603 1119 apud
644 1065 854 1105 sanctum
885 1063 1148 1105 Albanum2
1188 1064 1388 1106 deducta
1420 1066 1467 1106 et
1500 1064 1688 1118 diligen-

124 1120 235 1166 terk
271 1125 328 1166 de
360 1124 452 1165 suis
484 1122 810 1164 assertionibus
850 1121 1071 1176 requisita
1110 1122 1427 1177 presbyterum
1459 1123 1688 1176 quendam

127 1183 214 1224 sibi
262 1196 314 1224 ea
361 1177 659 1236 suggessisse¹
717 1183 763 1223 et
809 1194 857 1222 se
903 1181 1019 1222 talia
1064 1183 1252 1234 questus
1300 1194 1436 1222 causa
1479 1195 1687 1223 narrasse

127 1241 331 1295 professa
362 1243 444 1282 est.
508 1239 797 1294 Quapropter
836 1239 1045 1294 synodali
1085 1240 1254 1281 iudicio
1287 1239 1482 1294 publicis
1515 1243 1688 1282 caesam

127 1299 321 1354 flagellis
362 1299 664 1340 ministerium
695 1298 1095 1353 praedicationisn,
1137 1299 1259 1352 quod
1299 1298 1688 1341 inrationabiliter

127 1359 321 1412 arripuit
368 1360 414 1399 et
460 1357 547 1399 sibi
594 1359 754 1398 contra
799 1370 972 1398 morem
1018 1356 1405 1398 ecclesiasticum⁰
1454 1357 1686 1398 vindicare

126 1416 442 1471 praesumpsit,
477 1429 580 1457 cum
603 1416 823 1457 dedecore
849 1415 1001 1456 amisit
1032 1415 1215 1469 suisque
1236 1415 1465 1456 vaticiniis
1497 1416 1687 1457 tandem

127 1475 317 1516 confusa
349 1475 486 1516 finem
516 1474 731 1528 inposuit.

267 1625 650 1668 DOCOXLVIII.
727 1625 1038 1667 Hluthariusv
1092 1627 1138 1667 et
1184 1625 1484 1668 Hludowicus
1531 1639 1686 1668 mense

118 1685 374 1727 -Februario
417 1684 737 1738 conloquiumq
774 1683 1038 1726 habuerunt
1075 1685 1124 1725 in
1157 1684 1429 1727 Confluente
1472 1685 1683 1735 castello;
1701 1699 1788 1727 Febr.

123 1744 205 1786 ubi
245 1757 348 1799 pars
388 1743 663 1785 Hluthariip
710 1743 829 1784 illud
868 1744 1071 1797 quidem,
1122 1744 1241 1785 sicut
1284 1743 1410 1785 fama
1449 1743 1684 1798 vulgabat,

124 1803 319 1845 maxime
351 1802 638 1852 moliebatur,
671 1804 725 1843 ut
755 1801 1055 1843 Hludowicus
1087 1802 1353 1857 posthabita
1383 1802 1543 1844 Karlir
1581 1803 1687 1844 ami-

125 1862 239 1903 cicia
277 1861 363 1903 sibi
401 1861 719 1915 germanitatis
757 1861 856 1903 iure
888 1861 1184 1903 sociareturs.
1247 1860 1547 1902 Hludowicus
1579 1874 1686 1903 vero

123 1933 296 1962 memor
328 1920 464 1975 pacti,
503 1920 626 1973 quod
657 1933 761 1961 cum
792 1916 961 1960 Karlot
1002 1920 1176 1961 dudum
1209 1932 1312 1960 cum
1344 1920 1682 1962 adtestationeu

125 1979 268 2020 divini
299 1978 495 2020 nominis
526 1978 705 2027 inierat,
739 1978 942 2020 suasoria
964 1978 1336 2020 machinamenta
1356 1978 1591 2032 ingeniose
1615 1979 1686 2021 de-

126 2037 302 2078 clinans
334 2038 464 2078 finito
497 2036 767 2091 conloquioq
810 2037 868 2078 ad
900 2050 1004 2078 suos
1035 2050 1242 2078 reversus
1283 2037 1412 2091 quasi
1452 2037 1685 2079 mediante

125 2109 280 2138 mense
311 2096 523 2150 Augusto
555 2095 809 2137 Boemanos
850 2096 1138 2150 eruptionem
1177 2095 1419 2138 molientes
1460 2092 1540 2150 per
1571 2095 1685 2137 Hlu-
1700 2109 1775 2141 Aug.

126 2155 349 2196 dowicum
380 2154 539 2195 filium·
558 2168 691 2196 suum
722 2155 859 2196 missa
890 2155 1105 2196 adversus
1138 2168 1213 2196 eos
1240 2154 1558 2209 expeditioneV
1585 2168 1685 2196 con-

124 2213 254 2254 trivit
285 2213 551 2268 legatosque
573 2213 697 2268 pacis
719 2213 868 2267 gratia
888 2213 1073 2255 mittere
1107 2215 1154 2255 et
1185 2213 1366 2255 obsides
1389 2213 1497 2255 dare
1521 2214 1684 2268 coegit.

268 2271 399 2314 Circa
438 2271 675 2314 Kalendas
717 2274 874 2314 autem
914 2270 1125 2314 Octobris
1166 2271 1381 2326 generale
1422 2271 1684 2327 placitumW
1699 2285 1800 2314 Oem.

125 2330 290 2372 habuit
321 2331 443 2385 apud
470 2330 827 2385 Mogontiacum,
860 2331 910 2371 in
941 2344 1030 2384 quo
1062 2330 1239 2385 legatos
1270 2331 1469 2372 fratrum
1500 2344 1685 2372 suorum

127 2391 173 2429 et
203 2388 602 2431 Nordmannorum
635 2389 1019 2443 Sclavorumque¹
1055 2390 1267 2444 suscepit,
1311 2390 1488 2431 audivit
1527 2392 1573 2431 et
1612 2389 1685 2431 ab-

127 2446 275 2496 solvit,
298 2448 504 2490 homines
527 2448 666 2490 etiam
687 2447 931 2490 Hrabaniy
959 2448 1184 2503 episcopiz
1210 2449 1426 2490 adversus
1449 2449 1684 2490 dominum

127 2518 259 2546 suum
306 2506 616 2560 conspirantes
662 2506 846 2562 publice
893 2507 1125 2548 convictos
1173 2520 1276 2548 cum
1317 2519 1370 2549 eo
1411 2507 1682 2562 pacificavit,

126 2563 302 2618 legatos
334 2577 437 2605 suos
469 2565 528 2606 ad
557 2564 748 2608 fratrem
780 2579 913 2607 suum
937 2565 1276 2607 Hluthariumv
1313 2566 1362 2606 in
1391 2565 1679 2607 Theodonis²

125 2667 154 2696 a)
173 2664 448 2700 pseudoprofetissa
468 2667 492 2694 1.
546 2666 576 2698 b)
595 2667 783 2702 parrochiam
803 2668 827 2695 3.
883 2670 910 2699 c)
930 2675 990 2694 non
1009 2675 1046 2695 m.
1065 2668 1126 2693 suis
1147 2671 1207 2695 vat.
1226 2668 1251 2695 1.
1307 2666 1338 2698 d)
1358 2663 1469 2704 not‘icie
1490 2669 1514 2696 l.
1569 2669 1597 2699 e)
1616 2674 1685 2702 per-

126 2701 203 2725 cussi
225 2702 248 2727 l.
329 2702 353 2732 f)
371 2701 509 2727 ferebant
527 2702 552 2728 8.
631 2704 661 2734 g)
681 2703 721 2730 111.
740 2710 782 2730 or.
803 2705 827 2730 1.
912 2703 942 2734 h)
963 2703 1068 2729 celitus
1087 2703 1113 2730 3.
1198 2703 1219 2734 i)
1238 2710 1316 2737 pres.
1337 2704 1361 2730 1.
1415 2733 1418 2736 ,
1446 2703 1478 2734 k)
1497 2701 1640 2729 dilionter
1658 2704 1683 2731 3.

126 2736 146 2766 l)
165 2736 331 2767 suggessise
350 2737 375 2764 3.
471 2739 510 2767 m)
537 2744 604 2762 cesa
623 2738 648 2764 3.
743 2740 774 2768 n)
798 2736 884 2772 pred.
904 2739 927 2765 1.
1024 2741 1052 2769 ο)
1078 2738 1298 2774 eccleiasticum
1320 2740 1344 2766 1.
1443 2740 1474 2773 p)
1500 2739 1595 2766 hloth.
1615 2740 1638 2766 1.
1658 2740 1683 2766 2.

125 2774 155 2803 q)
175 2772 300 2804 colloqu.
321 2773 344 2799 1.
363 2772 388 2799 2.
470 2775 495 2802 r)
515 2772 618 2797 Kar-oli
639 2774 662 2799 l.
682 2772 707 2799 2.
793 2775 818 2804 s)
838 2773 1000 2798 satiaretur
1018 2774 1042 2800 3.
1129 2775 1151 2805 t)
1171 2773 1274 2799 karolo
1295 2775 1319 2801 1.
1338 2774 1363 2801 2.
1441 2776 1475 2805 μ)
1494 2777 1595 2802 attest.
1615 2775 1639 2801 1.
1658 2775 1684 2802 2.

125 2810 154 2837 v)
175 2805 371 2841 expedicione
391 2808 416 2835 2.
489 2809 528 2838 w)
546 2808 685 2842 platitum
704 2808 729 2835 3.
807 2811 838 2839 x)
857 2808 1067 2840 slavorumque
1087 2809 1112 2835 3.
1192 2811 1222 2842 y)
1243 2808 1348 2834 rabani
1368 2810 1391 2837 1.
1412 2809 1436 2837 2.
1519 2811 1545 2841 z)
1564 2810 1638 2835 deest
1660 2811 1683 2836 1.

119 2844 153 2882 ¹a)
173 2842 322 2868 teothonis
342 2843 366 2869 3.

126 2924 160 2966 1)
185 2924 469 2960 Constantiensis.
568 2926 603 2968 2)
628 2925 852 2968 Moyontiaci.
