2020 3358
344 276 380 312 x
932 323 935 326 Δ
966 273 1271 312 PRAEFATIO.

486 391 566 450 ad)
601 395 727 438 codex
765 393 1058 438 Vaticanus
1095 394 1207 438 inter
1243 394 1402 438 codices
1437 394 1609 449 reyinae
1653 393 1895 437 Christinae

343 468 411 498 nr.
445 457 530 496 633
575 466 682 496 saec.
725 452 835 506 XL,
881 452 954 507 qui
993 452 1147 496 desinit
1183 452 1231 496 in
1270 454 1406 496 verbis
1449 467 1585 510 pasca
1623 453 1895 497 Radesbone

343 513 512 556 mansii:
549 510 598 554 in
627 525 668 553 a.
702 514 816 564 883„
855 510 944 566 ipse
973 525 1059 554 non
1089 511 1272 564 mutilus,
1310 513 1384 555 sed
1411 526 1462 555 ex
1491 511 1635 554 mutilo
1666 511 1802 554 codice
1831 512 1896 554 de-

343 571 547 626 scriptus;
576 569 839 613 contulerunt
866 583 959 613 eum
991 570 1027 612 b.
1058 584 1113 612 m.
1146 570 1295 613 Heller
1323 574 1362 613 et
1392 571 1440 613 V.
1468 570 1532 614 CI.
1555 570 1738 612 Holder-
1725 570 1894 623 -Eyqen

485 627 560 695 3e)
600 629 726 671 eodem
761 627 1147 671 Brutcellensis
1193 642 1261 671 nr.
1293 632 1473 671 7503—
1482 632 1593 671 7518
1633 642 1741 671 saec.
1775 628 1895 670 XII.

343 686 543 740 ecceuntis,
574 686 697 740 idem
729 685 802 740 qui
832 686 959 729 etiam
984 686 1220 729 Thietmari
1239 687 1476 741 chronicon,
1507 687 1582 730 sed
1608 700 1740 729 manu
1768 686 1896 730 multo

343 746 570 790 recentiore
606 749 826 788 exaratum
857 745 1049 788 continet.
1110 745 1290 788 Finitur
1318 745 1472 788 eisdem
1501 745 1638 788 verbis
1667 745 1817 798 quibus
1847 749 1897 788 30

343 805 391 847 in
421 819 462 846 a.
495 808 608 857 901;
638 817 710 846 eas
731 807 890 858 partes,
922 816 1028 857 quae
1059 803 1190 847 codici
1221 807 1247 845 3
1278 805 1438 858 desunt,
1471 805 1519 847 V.
1558 803 1622 846 ol.
1653 803 1708 845 E.
1747 803 1897 847 Ouver-

345 864 468 906 leaux
497 861 718 905 Bruoeellis
747 861 854 904 mihi
884 862 1080 915 contulit;

342 934 347 939 ·
486 919 554 975 3f)
586 921 712 964 codeoe
740 920 1009 963 Aventini
1039 921 1299 975 archetypus,
1330 921 1404 975 qui
1432 921 1544 964 inter
1566 921 1760 963 Annales
1779 920 1898 962 Alta-

344 980 489 1023 henses
519 978 646 1022 etiam
676 979 911 1022 Fuldenses
947 978 1128 1022 continet
1163 993 1214 1021 eoe
1243 979 1333 1033 ipso
1363 980 1588 1022 Altahensi
1618 979 1754 1023 codice
1784 983 1897 1021 tran-

343 1038 530 1092 scriptos.
598 1037 665 1090 Cf.
699 1039 748 1080 de
778 1051 823 1080 eo
853 1037 1095 1080 Annalium
1125 1038 1422 1080 Altahensium
1460 1038 1681 1081 editionem
1720 1038 1899 1080 alteram

335 1111 384 1150 p.
408 1106 470 1141 VI.
492 1105 573 1141 VII.

492 1153 662 1198 Codices
692 1155 843 1197 3b—e
878 1167 929 1196 ex
958 1168 1043 1196 uno
1073 1154 1254 1207 exemplo
1285 1154 1438 1197 codicis
1469 1159 1494 1197 3
1525 1156 1744 1206 fluxerunt
1773 1157 1899 1197 antea

344 1212 509 1267 scripto,
542 1226 668 1266 quam
698 1211 806 1264 folia
841 1215 891 1254 11
925 1216 964 1255 et
997 1216 1049 1254 12
1086 1211 1205 1255 illius
1233 1217 1435 1255 renovata
1464 1217 1575 1256 sunt.
1636 1213 1732 1256 Hoc
1760 1211 1899 1256 nescio

345 1286 403 1314 an
434 1272 559 1314 codem
581 1275 643 1314 3a
672 1270 828 1324 fuerit;
859 1270 1007 1324 quodsi
1036 1270 1076 1313 is
1104 1270 1277 1313 muti-lus
1306 1271 1395 1314 iam
1425 1271 1520 1325 fuit,
1553 1285 1645 1314 cum
1677 1272 1743 1314 3d
1773 1284 1825 1314 ex
1853 1284 1899 1313 eo

345 1329 690 1382 transferebatur,
727 1343 888 1372 necesse
918 1333 978 1372 est
1008 1329 1186 1372 codicem
1217 1333 1288 1383 3e,
1329 1330 1403 1383 qui
1424 1334 1522 1383 post
1550 1330 1671 1373 illum
1701 1333 1900 1372 eoearatus

345 1392 415 1442 est,
456 1402 507 1430 ex
545 1388 631 1430 alio
670 1389 850 1441 quodam
889 1387 1118 1442 exemplari
1155 1387 1246 1430 eius
1283 1389 1537 1431 translatum
1575 1402 1660 1431 esse
1698 1392 1796 1431 ante
1833 1389 1899 1430 3d

344 1446 509 1500 scripto.
551 1446 756 1490 Aventini
777 1446 1027 1500 temporibus
1047 1446 1173 1488 etiam
1192 1461 1330 1489 nonus
1350 1451 1388 1489 et
1408 1447 1591 1489 decimus
1611 1446 1764 1490 codicis
1778 1446 1898 1488 Alta-

344 1505 486 1547 hensis
515 1504 809 1559 quaterniones
845 1504 984 1547 mutili
1014 1509 1161 1558 erant;
1200 1509 1376 1558 quartus
1415 1509 1566 1558 tamen,
1605 1509 1745 1548 sext-us
1780 1504 1899 1559 septi·

344 1577 514 1617 musque
540 1562 667 1606 etiam
687 1563 754 1605 M.
777 1563 965 1606 Frehero
986 1567 1158 1617 praesto
1188 1564 1373 1617 fuerant,
1406 1564 1524 1607 cuius
1554 1563 1679 1606 editio
1709 1564 1819 1606 hanc
1849 1564 1898 1606 ob

344 1635 431 1664 rem
462 1623 521 1664 ad
548 1622 627 1664 has
657 1622 833 1665 lacunas
862 1621 1088 1676 explendas
1117 1622 1358 1665 adhibenda
1387 1627 1458 1665 est.

491 1680 689 1724 Omnium
725 1680 857 1734 iyitur
895 1680 1081 1723 codicum
1118 1694 1250 1723 manu
1287 1680 1536 1734 scriptorum
1566 1685 1604 1723 et
1633 1694 1786 1734 eorum,
1824 1679 1898 1734 qui

344 1738 583 1782 etiamnunc
622 1743 796 1792 exstant,
838 1743 877 1781 et
914 1753 1074 1792 eorum,
1115 1738 1188 1793 qui
1217 1739 1455 1793 perierunt,
1497 1743 1594 1793 quot
1631 1739 1797 1793 quidem
1834 1738 1898 1781 in-

342 1797 543 1852 vestiyari
563 1797 732 1852 possint
745 1798 772 1851 ¹,
804 1801 977 1840 stemma
1006 1797 1082 1840 hoc
1111 1802 1192 1840 est:

570 1868 618 1982 ²?

999 2031 1042 2074 R
1073 2050 1128 2066 =
1160 2031 1334 2084 Rudolft
1375 2031 1642 2085 archetypum
1680 2028 1760 2082 (—
1789 2032 1896 2086 863)

1193 2104 1286 2133 eum
1315 2089 1613 2143 afflendicibus
1645 2087 1724 2141 (—-
1744 2090 1867 2144 865).

522 2160 584 2202 M
594 2160 658 2202 ΙΙ
756 2164 778 2202 1
940 2149 1002 2190 M
1012 2149 1045 2190 I
1071 2166 1126 2183 =
1157 2148 1360 2191 Recensio
1373 2149 1408 2190 Ι
1404 2180 1414 2190 .
1431 2152 1598 2191 auctore
1612 2148 1898 2202 Meyinhardo

479 2266 556 2309 CR
641 2269 666 2308 2
744 2217 804 2309 νιν
911 2265 972 2307 Μ
986 2266 1049 2307 II
1074 2283 1129 2300 =
1162 2204 1475 2308 R(e-e—en{?02).·l'l.
1521 2269 1687 2308 auctore
1732 2263 1898 2319 Mefin-

419 2357 648 2401 &Md-111)
716 2368 743 2396 a
787 2356 809 2397 b
966 2382 1042 2426 CR
1074 2400 1129 2417 =
1167 2321 1702 2425 σξῗιζῖἷῖαιξῖπᾞηῖῗέἑατῐεῠ.
1743 2381 1895 2425 archet.

625 2072 731 2114 MI

404 2457 431 2484 a
490 2443 521 2494 f
1194 2439 1273 2492 (—
1295 2442 1415 2495 897).

985 2500 1046 2542 W
1072 2518 1126 2534 =
1159 2501 1284 2543 codem
1312 2499 1635 2543 Wormatiensis
1664 2498 1857 2541 amissus.

361 2538 383 2579 b
411 2550 432 2579 0
457 2551 487 2578 ω
514 2537 544 2578 d
1001 2558 1044 2600 P
1071 2576 1126 2593 =
1159 2558 1325 2601 Pithoei
1354 2558 1494 2601 editio.

463 2591 483 2695 le
505 2591 548 2695 ΙΙ)
998 2617 1045 2659 F
1071 2635 1126 2652 =
1159 2617 1340 2660 Freheri
1369 2616 1508 2659 editio.

486 2709 626 2783 Τ

348 2899 382 2940 1)
405 2897 507 2931 Alios
531 2897 682 2938 fortasse
706 2897 868 2941 quotlibet
893 2897 950 2931 his
974 2898 1198 2941 interpositos
1221 2896 1332 2938 fuisse
1355 2896 1498 2929 minime
1521 2904 1616 2938 neyo.

555 1985 599 2026 R
999 1973 1047 2015 E
1074 1990 1129 2007 =
1160 1972 1380 2015 Einhardi
1395 1973 1662 2026 archetypum
1679 1970 1759 2024 (--
1775 1973 1897 2027 838).
1931 2012 1935 2014 ,
1989 1949 1994 1952 -
