2020 3358
510 297 749 334 AUCTORE
774 297 1056 334 RUODOLFO.
1105 299 1153 337 A,
1177 301 1258 336 863.
1618 304 1665 338 59

109 417 238 462 scopis,
274 416 336 460 qui
366 417 532 450 nostrum
555 417 820 459 praevenerant
843 414 1028 459 iudicium,
1063 415 1216 450 collecta
1240 418 1304 460 est,
1337 417 1471 460 quique
1496 418 1665 462 apostoli-

109 470 201 499 caea
239 463 333 498 sedis
365 462 531 496 instituta
563 468 700 496 temere
732 461 925 504 violarunt,
959 473 1005 496 ex
1037 464 1126 496 tunc
1159 466 1197 496 et
1230 473 1327 496 nunc
1352 466 1389 498 et
1413 464 1450 497 in
1476 468 1664 498 aeternum

108 511 310 546 iudicamus
334 520 410 544 esse
435 510 611 543 cassatam
637 512 674 544 et
698 520 781 543 cum
804 508 998 553 Epheseno
1023 508 1213 543 latrocinio
1238 511 1443 554 reputatam
1469 511 1666 554 apostolica

109 558 324 593 auctoritate
347 556 387 591 in
410 558 627 601 perpetuum
653 567 730 591 esse
755 554 961 590 sancimusb
985 555 1229 590 damnandam
1253 567 1321 591 nec
1339 557 1462 591 vocari
1487 557 1666 602 sinodum,

108 605 173 640 sed
196 607 382 648 tamquam
407 603 579 638 adulteris
604 603 813 638 faventeme
843 602 1086 648 prostibulum
1111 603 1260 648 apellari
1285 603 1522 640 decernimus.

107 719 377 757 DEPOSITIO
419 718 864 804 THEUTGAURfflT
879 719 1201 804 Ofilii-NEHARH
1241 719 1666 756 ARCHOEPISOOPO·

250 825 559 872 'I'heutgaudum(¹
597 825 878 870 Treverensem,
911 826 1105 870 primatem
1139 825 1335 872 Bolgicaee
1375 826 1594 871 provinciae,
1630 829 1667 861 et

107 873 352 909 Guntharium
376 873 578 918 Agr-ipinae
603 871 803 908 Coloniaef
833 872 1020 918 episcopos
1053 884 1151 908 nunc
1184 884 1307 908 coram
1340 873 1445 908 nobis
1477 876 1514 908 et
1542 877 1668 908 sancta

107 921 234 956 sinodo
259 921 326 955 sub
351 924 536 966 gestorum
560 919 814 964 insinuatione,
841 919 996 964 qualiter
1020 931 1167 955 causam
1185 919 1372 955 Hlotharii
1395 921 1491 965 regis
1517 923 1554 955 et
1578 920 1665 955 dua-

106 979 188 1002 rum
212 967 406 1002 mulierum
432 967 518 1010 eius,
544 966 834 1012 Theutpergaes
863 967 1001 1003 scilicet
1025 969 1062 1002 et
1078 967 1330 1011 Waltdrudae,
1355 966 1660 1013 recognoverint¹¹

107 1016 144 1050 et
167 1014 418 1059 iudicaverint,
444 1015 619 1059 scriptum
644 1025 752 1059 super
775 1014 846 1050 1100
870 1013 1026 1059 propriis
1050 1014 1264 1049 roboratum
1288 1014 1455 1049 manibus
1473 1014 1666 1050 offerentes

105 1061 267 1106 nihilque
301 1073 338 1096 se
369 1062 451 1106 plus
485 1061 543 1097 vel
576 1061 696 1096 minus
730 1063 793 1096 aut
825 1061 931 1096 aliter
964 1061 1077 1107 egisse
1112 1072 1175 1097 ore
1207 1061 1356 1106 proprio
1388 1061 1511 1096 multis
1542 1073 1665 1097 coram

105 1109 231 1154 positis
266 1108 488 1144 affirmantes
513 1111 551 1143 et
575 1109 802 1154 sententiam,
838 1120 947 1153 quam
973 1119 994 1143 a
1018 1108 1103 1143 sede
1129 1109 1327 1154 apostolica
1351 1108 1388 1143 in
1413 1108 1665 1155 Ingildrudem

106 1167 258 1191 uxorem
292 1155 444 1190 Bosonis
479 1156 723 1190 sanctissimus
755 1155 868 1190 frater
902 1158 1027 1191 noster
1059 1154 1341 1191 Mediolanensis
1375 1138 1666 1201 archiepiscopus

108 1202 209 1237 Tado
236 1207 273 1238 et
297 1203 409 1238 ceteri
434 1203 639 1248 coepiscopi
673 1203 787 1238 nostri
820 1202 1002 1248 petierant
1026 1203 1263 1257 emittendam
1289 1205 1326 1238 et
1349 1214 1414 1237 nos
1440 1203 1562 1238 divino
1587 1214 1666 1238 suc-

107 1250 206 1285 censi
239 1251 315 1285 zelo
351 1250 416 1284 sub
451 1249 690 1285 anathematis
724 1249 966 1285 obtestatione
1000 1249 1173 1285 canonice
1204 1250 1483 1304 protuleramus,
1520 1250 1666 1294 publice

106 1297 189 1332 viva
212 1308 301 1332 voce
327 1308 364 1332 se
389 1297 541 1332 violasse
566 1296 791 1341 confitentes,
825 1297 863 1332 in
897 1297 1028 1341 quibus
1061 1297 1228 1332 omnibus
1261 1297 1464 1332 invenimus
1493 1308 1554 1332 eos
1580 1308 1666 1341 apo

106 1344 249 1378 stolicas
284 1347 392 1388 atque
427 1343 617 1379 canonicas
651 1342 877 1379 331101101103ἰ
911 1344 950 1378 111
973 1344 1137 1389 pluribus
1163 1343 1355 1379 excessisse
1381 1347 1418 1378 et
1442 1342 1662 1387 aequitatisk

106 1402 271 1425 normam
304 1391 472 1435 nequiter
495 1394 702 1434 temerasse,
734 1391 834 1426 omni
857 1391 1058 1426 iudicamus
1083 1390 1282 1426 sacerdocii
1306 1389 1426 1426 officio
1450 1401 1666 1435 permanere

105 1438 249 1483 penitus
275 1438 421 1481 alienos,
452 1437 608 1483 Spiritus
633 1438 749 1473 sancti
772 1437 906 1473 iudicio
932 1441 969 1473 et
992 1437 1092 1473 beati
1114 1437 1217 1472 Petri
1250 1449 1317 1483 per
1349 1449 1416 1472 nos
1450 1437 1666 1473 auctoritate

106 1485 206 1520 omni
240 1485 467 1530 episcopatus
501 1487 628 1520 exutos
662 1485 839 1531 regimine
872 1485 1068 1520 consistere
1099 1484 1330 1521 diffinientes,
1379 1483 1487 1529 Quod
1511 1485 1541 1519 si
1563 1484 1667 1519 iuxta

105 1531 407 1577 praecedenteml
443 1532 742 1567 consuetudinem
773 1535 961 1576 tamquam
995 1532 1155 1577 episcopi
1188 1532 1265 1567 ausi
1298 1532 1435 1567 fuerint
1459 1531 1595 1576 aliquid
1620 1531 1666 1566 de

106 1590 207 1614 sacro
233 1579 432 1614 ministerio
458 1579 681 1624 contingere,
716 1579 816 1614 nullo
850 1578 960 1614 modo
994 1579 1102 1614 liceat
1133 1578 1183 1614 eis
1207 1590 1276 1614 nec
1299 1579 1339 1614 in
1364 1579 1434 1614 alia
1458 1578 1584 1614 sinodo
1609 1590 1666 1614 re-

106 1626 301 1661 stitutionis
335 1637 436 1671 spem
470 1628 534 1660 aut
566 1626 688 1661 locum
720 1626 855 1662 habere
888 1625 1161 1669 satisfactionis,
1196 1626 1260 1661 sed
1294 1629 1331 1661 et
1356 1626 1665 1661 communicantes

107 1673 158 1708 eis
183 1685 307 1708 omnes
333 1673 426 1708 abici
451 1673 496 1708 de
522 1674 684 1718 ecclesia,
718 1675 757 1708 et
780 1673 938 1708 maxime
962 1674 1003 1718 si,
1035 1676 1164 1718 postea
1196 1685 1306 1718 quam
1340 1673 1574 1708 didicerintln
1603 1673 1665 1707 ad-

105 1731 229 1755 versus
265 1722 484 1756 memoratos
519 1721 699 1766 prolatam
712 1728 732 1747 ¹1
775 1720 884 1755 fuisse
921 1721 1156 1764 sententiam,
1194 1721 1357 1756 eisdem0
1396 1720 1665 1756 communicare

106 1767 364 1813 temptaverint
376 1774 414 1804 P.

449 1873 515 1908 DE
541 1872 754 1909 CETERIS
780 1872 1052 1910 EPISCOPIS.
1109 1873 1217 1910 OAP.
1242 1872 1316 1911 ΙΠ-

249 1932 370 1967 Ceteri
394 1935 515 1967 autem
541 1932 711 1977 episcopi,
737 1932 799 1976 qm'
824 1932 1018 1977 complices
1042 1932 1187 1977 horum,
1210 1931 1442 1978 Theutgaudi
1466 1931 1603 1966 scilicet
1627 1934 1665 1966 et

107 1978 323 2023 Gundharii,
347 1980 405 2014 vel
429 1982 626 2014 sectatores
650 1990 726 2014 esse
751 1979 928 2023 feruntur,
955 1979 985 2013 si
1009 1991 1093 2014 cum
1118 1979 1173 2014 his
1195 1979 1381 2015 coniuncti
1405 1978 1619 2014 seditionem
1627 1985 1663 2024 q,

107 2026 373 2061 coniurationes
406 2027 464 2061 vel
498 2026 782 2071 conspirationes
815 2026 979 2071 fecerint,
1003 2027 1062 2061 vel
1087 2026 1116 2060 si
1140 2032 1189 2061 ar
1219 2026 1348 2071 capite,
1382 2025 1421 2061 id
1455 2029 1510 2061 est
1533 2037 1555 2060 a
1579 2025 1664 2061 sede

106 2073 204 2108 beati
229 2073 341 2117 Petri,
366 2073 436 2108 illis
460 2073 669 2108 haerendo⁸
702 2073 946 2117 dissenserint,
970 2073 1050 2118 pari
1075 2084 1159 2108 cum
1183 2073 1234 2108 eis
1259 2073 1492 2108 damnatione
1516 2076 1664 2108 tenean-

106 2123 168 2154 tur
191 2121 370 2156 astrictit.
419 2119 527 2165 Quod
552 2121 582 2154 si
607 2131 690 2155 cum
715 2120 801 2155 sede
826 2120 1033 2165 apostolica,
1068 2120 1166 2155 unde
1196 2131 1258 2155 eos
1281 2120 1501 2165 principium
1527 2119 1664 2165 episco-

106 2170 211 2212 patus
246 2168 438 2212 sumpsisse
470 2167 702 2202 manifestum
737 2170 802 2211 est,
838 2178 965 2213 sapere
999 2167 1044 2202 de
1077 2170 1199 2202 cetero
1232 2178 1300 2212 per
1331 2170 1447 2203 semet
1479 2167 1575 2212 ipsos
1607 2168 1665 2202 vel

105 2214 222 2249 missis
247 2214 293 2249 ad
318 2226 383 2249 nos
407 2215 535 2260 legatis
561 2226 644 2249 cnm
669 2214 811 2259 scriptis
835 2215 908 2250 suis
939 2214 1126 2259 professiu
1165 2214 1362 2259 extiterint,
1397 2214 1565 2250 noverint
1597 2214 1665 2249 sibi

106 2272 129 2295 a
152 2261 256 2296 nobis
281 2262 423 2296 veniam
448 2273 523 2296 non
547 2262 751 2308 negandam
776 2273 845 2297 nec
870 2261 1099 2297 amissionem
1132 2261 1313 2297 honorum
1344 2273 1493 2296 suorum
1516 2272 1583 2306 pro
1608 2272 1665 2296 re·

107 2309 254 2343 troactis
279 2309 633 2354 praesumptionibus
658 2312 721 2343 aut
745 2309 1079 2354 subscriptionibus,
1105 2320 1194 2354 quas
1218 2309 1257 2344 in
1281 2308 1470 2354 profanisv
1499 2308 1666 2344 fecerunt

107 2355 227 2400 gestis,
252 2367 318 2400 per
342 2367 408 2390 nos
432 2356 506 2390 ullo
531 2356 641 2391 modo
666 2355 944 2393 formidandam.

508 2472 575 2508 DE
599 2472 984 2513 ENGILDRUDEW.
1033 2472 1143 2511 OAP.
1167 2472 1262 2510 IIII.

250 2529 501 2575 Ingildrudem
525 2530 637 2566 filiam
662 2532 846 2577 quondam
870 2531 1081 2568 Mactifredi
1112 2532 1264 2576 comitis,
1296 2542 1389 2576 quae
1413 2530 1557 2566 Bosone
1581 2542 1664 2576 pro-

107 2576 187 2621 prio
212 2577 289 2612 viro
314 2578 441 2612 relicto
467 2589 550 2613 0000
575 2579 647 2614 iam
671 2590 738 2624 per
762 2582 900 2624 septem
926 2579 1070 2615 circiter
1095 2590 1207 2614 annos
1232 2579 1301 2614 hac
1326 2580 1434 2623 atque
1459 2578 1540 2613 illac
1557 2589 1664 2623 vaga-

107 2623 232 2658 bunda
256 2624 426 2660 discurrit
438 2632 474 2668 ¹,
499 2636 616 2670 nuper
640 2636 724 2661 cum
749 2625 983 2662 fautoribus&
1013 2627 1085 2661 suis
1109 2626 1326 2672 regulariter
1349 2625 1664 2660 anathematizavi-

107 2766 137 2796 a)
155 2765 318 2797 apostolice
338 2766 363 2793 3.
453 2766 483 2797 b)
502 2773 582 2793 sanc.
602 2773 628 2794 ο.
647 2766 684 2794 H.
772 2768 799 2797 e)
818 2766 940 2793 favente
958 2767 983 2795 8.
1070 2765 1102 2798 d)
1121 2765 1328 2799 Teutgaudum
1348 2767 1374 2795 3.
1458 2767 1486 2798 0)
1505 2766 1619 2799 belgice
1639 2767 1664 2794 8.

107 2801 132 2830 f)
151 2799 284 2826 colobiae
303 2801 328 2828 3.
424 2803 454 2833 g)
474 2801 645 2833 theutperoei
665 2802 690 2829 3.
787 2802 818 2832 h)
836 2809 868 2828 ne
889 2809 947 2830 ree.
966 2803 992 2830 3.
1088 2802 1110 2832 i)
1128 2802 1286 2828 sanciones
1305 2802 1331 2829 3.
1426 2801 1458 2835 k)
1477 2802 1619 2834 equitatis
1639 2803 1665 2829 3.

107 2835 129 2866 l)
147 2834 266 2867 preced.
285 2837 310 2864 3.
365 2838 405 2867 m)
419 2835 590 2862 didicerant
602 2837 639 2864 H.
694 2838 726 2868 n)
745 2837 862 2870 prolata
875 2837 982 2863 fuisset
993 2837 1145 2864 sententia
1163 2837 1188 2865 3.
1245 2839 1273 2868 0)
1292 2835 1389 2863 eidem
1408 2837 1433 2864 3.
1488 2839 1520 2870 p)
1539 2840 1666 2869 tempta-

107 2874 217 2896 verunt
235 2871 273 2903 11,
357 2874 388 2904 q)
409 2871 572 2898 seditiones
593 2872 629 2900 H.
714 2874 740 2903 r)
759 2873 834 2898 deest
852 2873 877 2900 3.
962 2874 988 2904 3)
1006 2871 1140 2898 herendo
1159 2873 1184 2900 8.
1266 2874 1289 2903 t)
1308 2872 1444 2898 obstricti
1464 2872 1502 2900 H.
1567 2873 1614 2902 ’11)
1633 2879 1666 2898 30

107 2906 182 2938 prof.
207 2906 244 2933 Η.
343 2909 374 2938 v)
399 2907 440 2932 ita
461 2907 497 2934 H.
505 2916 515 2938 ,·
543 2915 597 2940 pro
617 2908 726 2933 insanis
746 2909 770 2935 3.
870 2909 910 2939 w)
932 2908 978 2934 De
1000 2906 1205 2940 Engildrudae
1226 2907 1250 2935 3.
1346 2909 1378 2939 x)
1403 2909 1446 2933 ita
1465 2908 1519 2939 11.,·
1547 2907 1622 2933 deest
1639 2908 1665 2935 3.

107 2941 139 2974 y)
157 2941 323 2967 santaribus
343 2943 374 2975 3;
396 2943 558 2968 factoribus
579 2943 615 2971 H.
