2020 3358
320 307 367 341 42
672 303 792 342 ANN.
816 304 962 342 FULD.
979 304 1118 348 ,PARS
1143 304 1195 341 H.
1218 303 1523 349 (FULDENSIS)

321 425 380 467 ad
424 437 579 479 regem
618 424 970 467 Hludowicum⁹
1020 439 1067 467 se
1114 425 1312 467 contulit
1355 420 1435 467 etb
1481 425 1539 466 ab
1582 438 1634 466 eo
1674 424 1872 479 benigne

321 485 558 538 susceptus
578 483 836 538 baptizatus
857 497 909 525 ac
931 484 1038 526 fidei
1069 484 1364 526 sacramentis
1395 483 1597 524 imbutus
1620 486 1701 532 est,
1736 486 1865 524 cum⁰

320 555 402 597 per
440 541 594 597 plures
634 555 777 584 annos
817 542 1064 584 honorifice
1094 543 1215 584 inter
1245 541 1442 583 Francos
1473 541 1732 590 haberetur,
1773 543 1872 582 tan—

321 601 426 643 dem
462 600 742 655 principibus
779 600 1032 642 borealium
1070 600 1270 655 partium
1301 602 1348 642 et
1378 599 1643 641 custodibus
1673 596 1868 641 Danicid

321 659 480 700 limitis
511 659 640 712 quasi
671 658 875 701 lubricae
896 659 1003 701 fidei
1034 661 1080 700 et
1111 658 1343 700 molimine
1365 658 1660 712 proditionis0
1689 653 1868 712 coepitf

321 730 418 759 esse
450 719 700 771 suspectus,
731 718 855 759 unde
886 719 933 759 et
965 716 1021 758 ab
1054 717 1119 758 eis
1150 717 1324 758 occisus
1356 718 1438 758 est.

211 790 308 821 (oen).
438 775 613 817 Habita
650 778 720 818 est
753 778 908 818 autem
939 778 987 817 et
1017 776 1214 830 synodus
1227 774 1293 804 8-1
1331 788 1386 816 ex
1421 774 1660 816 voluntate
1700 769 1867 827 atquell

319 836 563 888 praecepto
595 834 797 876 eiusdem
828 834 1102 876 serenissimi
1141 833 1358 888 principis
1388 833 1437 873 in
1469 833 1656 874 civitate
1687 832 1872 886 Mogon-

318 893 398 942 tia,
430 892 672 947 metropoli
701 891 985 942 Germaniae,
1018 892 1307 947 praesidente
1338 886 1581 933 Hrabano¹
1621 890 1873 932 venerabili

320 951 523 993 eiusdem
559 950 686 992 urbis
717 951 1056 1005 archiepiscopo
1096 964 1200 992 cum
1238 950 1448 991 omnibus
1479 949 1701 1004 episcopis
1734 951 1872 1003 atque

320 1009 564 1051 abbatibus
595 1009 830 1050 orientalis
861 1009 1093 1058 Franciae,
1126 1008 1364 1050 Baioariae
1395 1010 1442 1050 et
1475 1007 1709 1049 Saxoniae.

461 1067 522 1108 Et
559 1067 631 1108 illi
670 1067 854 1121 quidem
894 1068 950 1109 de
990 1067 1278 1109 absolvendis
1318 1066 1660 1120 quaestionibus
1675 1062 1697 1088 k
1733 1065 1872 1108 eccle·

320 1121 537 1167 siasticis¹
576 1127 828 1166 tractatum
858 1124 1104 1174 habebant,
1137 1138 1217 1167 rex
1239 1138 1347 1167 vero
1379 1138 1482 1166 cum
1512 1124 1794 1179 principibus
1825 1127 1873 1165 et

320 1183 564 1239 praefectis
604 1183 940 1238 provinciarum
985 1183 1180 1238 publicis
1221 1183 1368 1224 causis
1407 1182 1658 1236 litibusque
1698 1195 1873 1237 compo·

319 1243 482 1284 nendis
521 1242 749 1291 insistens,
790 1244 1073 1296 postquam¹1¹
1104 1241 1341 1296 synodalia
1382 1254 1537 1283 eorum
1577 1241 1761 1282 decreta
1791 1254 1873 1282 suo

320 1301 489 1342 iudicio
522 1300 833 1355 comprobavit
865 1303 911 1342 et
939 1300 1191 1354 legationes
1224 1299 1556 1354 Bulgarorumn
1594 1299 1873 1341 Sclavorum·

321 1373 409 1414 que
442 1359 617 1400 audivit
649 1361 696 1400 et
727 1358 935 1408 absolvit,
958 1355 1266 1400 *Baioariam0
1293 1371 1497 1400 reversus
1526 1360 1615 1407 est;
1648 1358 1728 1399 ubi
1759 1358 1872 1399 ordi-

320 1418 442 1460 natis
474 1419 547 1459 etp
585 1417 827 1472 dispositis,
869 1430 984 1471 quae
1021 1417 1297 1458 videbantur
1334 1430 1430 1458 esse
1467 1416 1732 1466 necessaria,
1774 1416 1872 1458 sine

320 1490 447 1518 mora
491 1476 672 1517 rediens
717 1489 797 1530 per
837 1476 1018 1517 alveum
1055 1475 1234 1517 Rheniq
1278 1475 1478 1516 fluminis
1524 1475 1706 1529 navigio
1746 1475 1873 1516 venit

323 1535 572 1577 Coloniam.
636 1534 726 1575 Ubi
766 1547 870 1575 cum
909 1533 1182 1588 quibusdam
1221 1547 1275 1576 ex
1305 1533 1545 1575 Hlutharii
1558 1537 1573 1556 s
1608 1533 1764 1574 fratris
1801 1533 1872 1574 sui

321 1593 602 1648 principibus
639 1592 801 1634 habita
831 1593 1062 1634 locutione
1093 1592 1327 1647 profectus
1359 1594 1428 1633 est
1459 1592 1508 1632 in
1540 1591 1783 1633 Saxoniam
1814 1591 1872 1633 ob

323 1666 478 1694 eorum
508 1651 582 1693 vel
613 1651 808 1693 maxime
840 1664 998 1693 causas
1028 1651 1309 1702 iudicandas,
1348 1651 1426 1704 qui
1458 1664 1485 1691 a
1515 1651 1664 1705 pravis
1696 1653 1743 1692 et
1774 1650 1874 1691 sub-

322 1710 438 1752 dolis
478 1706 706 1751 iudicibus
748 1709 950 1763 neglecti
990 1711 1037 1751 et
1076 1709 1377 1759 multimodis,
1427 1711 1482 1749 ut
1529 1709 1707 1758 dicunt,
1758 1708 1873 1762 legis

322 1782 430 1811 suae
476 1768 773 1810 dilationibus
822 1768 1003 1822 decepti
1049 1781 1209 1822 graves
1257 1770 1394 1821 atque
1445 1767 1685 1808 diuturnas
1734 1767 1874 1822 patie-

322 1827 514 1869 bantur-⁸
559 1826 760 1868 iniurias.
832 1826 1061 1868 Suberant
1107 1827 1247 1868 etiam
1287 1828 1334 1868 et
1375 1825 1492 1868 aliae
1530 1839 1692 1867 causae
1731 1826 1790 1867 ad
1825 1838 1874 1867 se

321 1886 470 1940 ipsum
500 1885 761 1940 specialiter
793 1885 1077 1940 aspicientes,
1110 1885 1412 1939 possessiones
1433 1884 1649 1926 videlieet
1671 1884 1728 1926 ab
1750 1884 1876 1925 avita

321 1941 419 1986 velt
457 1946 650 1999 paterna
690 1944 968 1998 proprietate
1008 1944 1106 1984 iure
1146 1943 1452 1985 hereditariou
1495 1942 1582 1984 sibi
1613 1942 1872 1991 derelictae,

322 2016 433 2057 quas
479 2002 682 2057 oportuit
728 2001 785 2043 ab
832 2002 1000 2055 iniquis
1046 2001 1360 2056 pervasoribus
1404 2002 1526 2043 iusta
1567 2001 1869 2056 repetitionev

322 2060 528 2115 legitimo
569 2060 752 2102 domino
790 2060 973 2102 restitui
987 2061 1014 2100 ².
1077 2060 1229 2115 Igitur
1267 2060 1317 2101 in
1353 2060 1466 2109 loco,
1507 2060 1585 2114 qui
1616 2059 1876 2115 appellatur

206 2119 513 2163 (Deo.).Mimida
525 2118 552 2169 ³,
597 2132 732 2173 super
773 2132 964 2168 amnem,
1007 2132 1141 2172 quem
1181 2118 1418 2161 Cornelius
1458 2118 1643 2160 Tacitus
1683 2119 1876 2173 scriptor

321 2191 473 2219 rerum
505 2191 532 2218 a
555 2177 771 2218 Romanis
803 2178 852 2217 in
884 2190 937 2218 ea
967 2180 1105 2231 gente
1137 2180 1369 2231 gestarum
1390 2177 1634 2230 Visurgim,
1667 2176 1875 2218 moderni

321 2249 427 2278 vero
474 2235 758 2276 Wisurahaw
807 2238 993 2285 vocant,
1042 2235 1201 2277 habito
1250 2235 1452 2289 generali
1502 2237 1729 2276 conventu
1776 2236 1875 2276 tam

323 2307 480 2336 causas
520 2293 677 2348 populi
715 2294 774 2334 ad
806 2307 852 2335 se
883 2294 1082 2348 perlatas
1120 2294 1240 2335 iusto
1273 2293 1469 2335 absolvit
1501 2294 1705 2336 examine
1738 2306 1875 2347 quam

322 2353 382 2394 ad
421 2365 468 2394 se
499 2352 782 2407 pertinentes
822 2353 1124 2407 possessiones
1164 2353 1460 2393 iuridicorum
1499 2352 1650 2406 gentis
1690 2352 1874 2393 decreto

322 2513 351 2545 a)
370 2511 578 2538 mudawieum
597 2512 641 2539 Sd.
659 2512 700 2545 F;
723 2510 915 2537 lndouuicum
934 2513 974 2539 30.
1046 2512 1076 2543 b)
1095 2512 1168 2537 deest
1187 2513 1231 2537 sd.
1250 2513 1283 2539 F.
1356 2512 1385 2545 c)
1403 2519 1529 2544 cumque
1549 2514 1573 2539 1.
1645 2510 1675 2542 d)
1695 2512 1810 2537 Danaci
1828 2513 1875 2539 311.

322 2550 349 2578 e)
368 2546 551 2582 prodicionis
573 2548 645 2575 sae.
707 2548 732 2578 s)
751 2547 831 2583 cepit
849 2548 889 2575 32.
952 2550 982 2579 g)
1000 2546 1122 2572 sidonus
1141 2548 1194 2579 sd,
1214 2546 1336 2573 sinodus
1355 2548 1395 2574 32.
1459 2548 1490 2578 h)
1509 2551 1539 2573 et
1559 2548 1583 2574 2.
1647 2548 1668 2578 i)
1688 2547 1820 2572 rhabano
1841 2549 1873 2579 l;

322 2583 434 2608 rabano
453 2583 478 2610 2.
492 2583 536 2610 3d.
547 2589 569 2610 e.
635 2582 666 2613 k)
686 2586 780 2614 quest.
795 2584 818 2610 1.
885 2583 906 2613 l)
925 2583 1119 2619 eclesiasticis
1133 2584 1158 2610 1.
1223 2585 1263 2613 m)
1282 2586 1399 2617 postqu.
1413 2589 1484 2608 vero
1499 2584 1523 2610 1.
1592 2584 1623 2612 n)
1642 2583 1797 2614 uulgarum
1811 2584 1834 2609 1.
1848 2583 1874 2610 2.

322 2621 350 2648 ο)
369 2619 400 2643 in
419 2618 476 2645 bai.
497 2619 520 2645 1.
622 2619 654 2652 p)
678 2621 769 2650 atque
788 2618 865 2645 acho.
985 2619 1014 2649 q)
1039 2618 1105 2643 reni
1125 2618 1164 2644 30.
1174 2618 1201 2645 d.
1212 2625 1233 2645 e.
1337 2620 1362 2648 r)
1388 2618 1528 2643 hlotharii
1550 2620 1573 2645 1.
1593 2618 1626 2649 23
1655 2618 1775 2643 lotharii
1795 2618 1874 2645 aem.

322 2655 347 2683 s)
366 2653 563 2687 paciebantur
582 2653 606 2680 2.
626 2653 697 2680 3c.e.
782 2654 804 2684 t)
824 2655 855 2678 et
874 2654 898 2680 1.
981 2654 1012 2683 u)
1032 2651 1133 2690 hered.
1154 2655 1178 2680 1.
1263 2654 1293 2683 v)
1312 2653 1496 2687 repeticione
1515 2653 1540 2681 2.
1559 2654 1631 2680 3c.e.
1714 2654 1752 2683 w)
1771 2653 1873 2678 nuisa-

322 2689 395 2713 raha
416 2688 448 2719 23
475 2688 655 2713 uuisuracha
674 2688 719 2715 δά.
737 2688 770 2715 F.

323 2828 365 2869 1)·
381 2827 433 2860 De
457 2838 527 2870 qua
555 2828 601 2869 cf.
628 2828 814 2861 Dazmmler
839 2828 869 2870 I,
902 2839 939 2871 p.
965 2829 1164 2863 360—365.
1285 2829 1321 2871 2)
1351 2829 1396 2861 In
1429 2838 1467 2861 eo
1497 2829 1622 2861 itinere
1653 2828 1708 2861 die
1733 2828 1812 2861 Dec.
1837 2829 1873 2863 8.

321 2874 557 2915 Herfordt‘am
574 2876 825 2908 monasterium
844 2875 1043 2916 laryissinae
1059 2876 1222 2915 donavit,·
1247 2875 1479 2908 Mahlbacher
1495 2885 1550 2908 m·-
1566 2876 1668 2916 1362,
1688 2875 1874 2908 Dammler

322 2921 352 2963 I,
377 2932 414 2964 p.
440 2922 520 2962 360,
548 2932 582 2956 n.
603 2922 633 2956 1.
659 2926 690 2955 et
714 2923 795 2957 367.
862 2941 867 2945 -
892 2922 928 2964 3)
951 2922 1107 2957 Minden.

2018 807 2020 811 .
2018 778 2020 790 ..
2015 765 2020 768 .
2013 719 2020 754 ffl-
2013 628 2020 706 -.....-

1887 1372 1931 1404 ⁸1²-
1941 1373 2005 1402 368.
