2020 3358
531 307 783 354 (AUCTORE
808 306 1180 354 LOEGINHARDO).
1228 310 1274 346 A.
1301 311 1383 347 882.
1692 313 1740 348 99

179 433 334 486 portas
374 428 597 471 claudunt
638 431 685 470 et
725 441 881 470 omnes
923 441 978 470 ex
1015 429 1184 470 nostris
1230 429 1356 471 intus
1402 430 1612 473 inventos
1659 435 1741 474 aut

178 489 446 531 occiderunt
485 489 567 529 aut
609 487 783 529 catenis
819 486 981 528 ferreis
1018 486 1186 541 ligatos
1217 487 1277 528 ad
1307 488 1624 531 redimendum
1656 503 1741 532 ser·

179 549 416 590 vaverunt.

323 604 413 647 Sed
443 604 692 659 imperator
718 606 900 645 tantam
921 603 1248 645 contumeliam
1280 604 1501 646 exercitui
1532 618 1613 647 suo
1644 606 1742 648 illa-

177 667 277 706 tam
296 663 426 705 flocci
458 663 662 718 pendens
687 662 975 717 praedictum
997 661 1291 704 Grotafridum
1324 663 1381 705 de
1411 663 1542 705 fonte
1575 663 1742 718 baptis-

178 722 315 764 matis
353 721 524 764 levavit
555 724 614 771 et,
657 734 792 775 quem
831 721 1080 762 maximum
1116 720 1354 762 inimicum
1384 724 1431 763 et
1463 722 1743 765 desertorem

178 781 310 835 regni
342 781 412 822 sui
443 780 682 830 habuerat,
716 781 973 821 consortem
996 779 1128 833 regni
1149 780 1405 821 constituit.
1457 779 1579 822 Nam
1610 781 1742 822 comi·

178 842 307 881 tatus
354 841 401 881 et
440 839 682 889 beneficia,
730 851 846 892 quae
885 838 1056 879 Rorich
1096 837 1420 880 Nordmannus
1461 838 1742 881 Francorum

178 897 365 952 regibus
405 897 553 939 fidelis
593 897 642 938 in
683 897 862 938 Kinnin
875 895 891 921 ¹
929 898 1163 946 tenuerat,
1209 897 1359 938 eidem
1397 898 1520 939 hosti
1560 898 1743 952 suisque

180 956 442 998 hominibus
474 956 534 997 ad
564 955 920 997 inhabitandum
941 955 1194 1009 delegavit;
1228 957 1276 997 et
1307 956 1431 1009 quod
1457 956 1640 998 maioris
1672 959 1743 998 est

181 1015 396 1065 criminis,
439 1027 466 1056 a
496 1027 586 1068 quo
617 1014 797 1056 obsides
829 1013 1036 1068 accipere
1067 1016 1115 1055 et
1144 1013 1322 1055 tributa
1354 1014 1534 1068 exigere
1566 1014 1741 1064 debuit,

181 1074 290 1114 huic
331 1087 573 1128 pravorum
610 1086 720 1114 usus
761 1072 952 1114 consilio
984 1074 1145 1114 contra
1176 1073 1556 1115 consuetudinem
1586 1086 1743 1128 paren·

181 1134 283 1172 tum
322 1145 519 1181 suorum,
560 1144 721 1185 regum
754 1130 969 1172 videlicet
999 1129 1308 1181 Franco*rum,
1350 1130 1527 1173 tributa
1567 1131 1742 1174 solvere

182 1203 276 1231 non
322 1190 520 1232 erubuit.
590 1189 711 1231 Nam
755 1190 995 1231 thesauros
1041 1188 1384 1239 aecclesiarum,
1432 1190 1511 1244 qui
1556 1192 1744 1245 propter

52 1266 99 1293 ⁸.
146 1266 170 1293 τ.
183 1251 358 1290 metum
396 1249 599 1290 hostium
640 1248 896 1290 absconditi
926 1247 1127 1297 fuerant,
1168 1247 1361 1289 abstulit
1393 1250 1440 1290 et
1472 1249 1571 1290 auri
1602 1249 1743 1304 puris-

183 1307 286 1348 simi
318 1309 455 1361 atque
487 1307 667 1361 argenti
698 1307 758 1348 ad
790 1306 1104 1348 confusionem
1135 1306 1206 1347 sui
1236 1306 1470 1360 totiusque
1502 1307 1742 1357 exercitus,

183 1366 262 1419 qui
302 1365 434 1406 illum
474 1365 763 1419 sequebatur,
804 1364 944 1406 libras
975 1361 1029 1408 ΓΙ
1046 1394 1056 1405 .
1077 1363 1228 1407 CCCC
1246 1394 1257 1404 .
1274 1364 1374 1405 XII
1405 1365 1576 1407 eisdem
1613 1365 1744 1407 dedit

182 1424 392 1465 inimicis.
454 1424 709 1473 Praeterea,
743 1423 947 1478 quisquis
979 1423 1036 1465 de
1067 1436 1149 1464 suo
1181 1423 1384 1464 exercitu
1404 1423 1454 1464 in
1475 1423 1743 1466 defensione

181 1484 366 1523 sanctae
407 1482 654 1524 aecclesiae
695 1481 791 1524 zelo
831 1481 920 1523 Dei
961 1483 1214 1523 commotus
1260 1481 1463 1535 aliquem
1501 1482 1558 1524 de
1598 1481 1643 1523 N
1645 1483 1743 1524 ord-

180 1541 373 1590 manm‘s,
415 1541 494 1594 qui
528 1542 677 1582 castra
706 1540 923 1582 invadere
953 1539 1259 1594 temptabant,
1300 1540 1482 1590 occidit,
1523 1543 1606 1582 aut
1637 1554 1744 1583 eum

179 1598 390 1652 iugulare
430 1601 512 1640 aut
553 1599 595 1640 ei
634 1598 790 1640 oculos
831 1611 989 1640 eruere
1029 1598 1276 1653 praecepit.
1343 1598 1478 1640 Unde
1517 1599 1744 1642 exercitus

179 1657 314 1699 valde
355 1657 653 1699 contristatus
694 1656 881 1699 dolebat
921 1669 1057 1711 super
1097 1669 1145 1698 se
1182 1656 1338 1699 talem·
1364 1657 1542 1700 venisse
1579 1658 1743 1713 princi-

180 1729 295 1770 pem,
339 1716 417 1770 qui
457 1715 667 1757 hostibus
707 1715 826 1757 favit
857 1717 904 1757 et
936 1715 1000 1757 eis
1031 1715 1270 1757 victoriam
1311 1715 1367 1757 de
1399 1716 1609 1758 hostibus
1641 1716 1742 1758 sub·

177 1774 341 1823 traxit;
390 1775 672 1828 nimiumque
713 1774 893 1816 confusi
931 1774 1169 1816 redierunt
1207 1774 1257 1815 in
1297 1787 1392 1815 sua.
1454 1774 1742 1816 Nordmanni

178 1846 286 1875 vero
320 1834 376 1875 de
406 1833 635 1874 thesauris
667 1835 714 1874 et
744 1845 935 1874 numero
967 1832 1252 1887 captivorum
1284 1832 1358 1874 OC
1389 1845 1528 1875 naves
1552 1836 1742 1875 onustas

179 1892 404 1934 miserunt
457 1892 506 1932 in
561 1892 778 1946 patriam;
835 1891 922 1945 ipsi
967 1891 1017 1932 in
1062 1890 1162 1932 loco
1207 1893 1312 1932 tuto
1358 1904 1406 1933 se
1453 1892 1739 1942 continent²,

180 1950 349 1992 iterum
379 1952 561 2004 tempus
592 1952 871 2004 oportunum
901 1949 1153 2004 praedandi
1184 1949 1488 2004 opperientes.

324 2008 581 2063 Imperator
619 2008 725 2050 inde
760 2008 988 2050 transiens
1019 2007 1365 2062 Mogontiacum
1395 2009 1522 2050 venit
1555 2011 1602 2050 et
1632 2008 1742 2051 inde

180 2067 240 2108 ad
272 2066 430 2108 villam
450 2066 641 2108 Tribure
672 2066 827 2120 ibique
858 2079 939 2121 per
969 2066 1122 2121 plures
1153 2069 1356 2108 moratus
1387 2069 1457 2108 est
1488 2067 1598 2109 dies.
1651 2066 1743 2118 Qui

180 2126 322 2167 etiam
353 2125 601 2179 Wangioni
645 2124 868 2179 placitum
913 2124 1078 2166 habuit
1119 2127 1166 2166 et
1205 2138 1367 2179 parum
1407 2125 1626 2167 utilitatis
1668 2126 1743 2168 de-

181 2184 338 2226 crevit.
400 2183 686 2225 Nordmanni
729 2185 931 2238 portum,
973 2183 1052 2237 qui
1092 2178 1325 2225 Frisiacab
1371 2183 1531 2238 lingua
1571 2183 1741 2226 'Paven-

177 2243 269 2284 teri
283 2243 298 2267 2
328 2243 603 2292 nominatur,
636 2242 717 2283 ubi
739 2244 924 2284 sanctus
945 2241 1192 2283 Liobomus
1205 2241 1222 2267 ³
1240 2242 1498 2296 requiescit,
1531 2242 1741 2297 plurimis
1755 2255 1861 2286 mov.)-

180 2300 439 2343 interfectis
470 2301 820 2342 succenderunt.

324 2358 583 2401 Iohannes4
603 2358 813 2414 pontifex
833 2358 1066 2400 Romanus
1099 2359 1314 2409 decessit;
1347 2359 1397 2400 in
1429 2359 1557 2400 cuius
1589 2359 1741 2401 locum

180 2418 388 2459 Marinus
420 2420 557 2460 antea
588 2418 824 2472 episcopus
838 2416 855 2442 ⁵
885 2419 1045 2458 contra
1075 2419 1253 2459 statuta
1274 2430 1501 2459 canonum
1529 2417 1741 2472 subroga-

180 2478 257 2517 tus
290 2479 372 2517 est.
441 2475 639 2527 Quidam
671 2475 919 2530 Gregorius
955 2476 1152 2525 nomine,
1192 2489 1327 2530 quem
1357 2475 1552 2517 Romani
1589 2489 1904 2530 super-(Dec.15).

182 2534 318 2575 istam
357 2533 635 2584 vocitabant,
678 2534 803 2576 dives
843 2534 990 2583 valde,
1032 2534 1082 2575 in
1121 2534 1331 2589 paradiso
1371 2534 1518 2575 sancti
1550 2533 1677 2576 Petri
1714 2547 1741 2575 a

181 2606 263 2634 suo
287 2592 463 2646 collega
485 2593 658 2634 occisus
681 2595 762 2642 est,
796 2595 843 2634 et
875 2593 1186 2647 pavimentum
1208 2591 1468 2642 aecclesiae,
1501 2605 1582 2647 per
1603 2605 1741 2646 quam

181 2650 467 2699 trahebatur,
500 2653 652 2692 totum
683 2651 904 2704 sanguine
936 2650 1061 2692 illius
1092 2650 1330 2693 infectum.

182 2779 211 2806 a)
231 2776 420 2801 continentes
441 2777 502 2803 rod.
575 2775 605 2805 b)
625 2775 775 2801 frisiacam
795 2776 855 2803 cod.

185 2882 219 2923 1)
243 2882 538 2917 Kemwmerland.
668 2880 704 2923 2)
728 2881 895 2914 Demeter
919 2880 967 2913 ad
992 2880 1163 2916 Rhenum.
1292 2881 1327 2923 3)
1351 2880 1381 2916 I.
1406 2891 1433 2915 e.
1459 2880 1496 2916 S.
1523 2881 1738 2923 Liafem‘nus.

180 2928 219 2970 4)
250 2929 352 2963 VIII.
448 2930 484 2970 5>
509 2929 702 2963 Cam-ensis.

1413 2997 1455 3032 7*
