2020 3358
45 2593 90 2626 ⁸1).
98 2595 159 2622 405.

551 317 750 355 CONTIN.
774 317 1043 354 RATISBON.
1090 319 1140 355 A.
1164 320 1365 357 885—887.
1666 325 1734 360 115

180 454 230 482 ιιι
260 439 473 494 abyssum
503 437 683 480 deletae
715 439 979 479 cernuntur.
1042 438 1172 479 Inter
1193 438 1334 493 Alpes
1354 453 1461 482 vero
1481 441 1588 484 talis
1609 455 1734 498 rapa-

181 499 295 540 citas
317 510 537 551 aquarum
558 498 605 538 et
626 495 802 538 collisio
834 495 1040 551 lapidum
1069 496 1175 547 fuit,
1207 499 1261 537 ut
1281 496 1506 540 flexuras¹
1536 502 1583 541 et
1603 502 1734 543 vesti·

180 556 462 671 {gaggam
500 567 580 610 per
619 555 782 596 divexa
820 554 989 596 montis
1025 554 1174 597 latera
1208 555 1338 597 nullo
1368 557 1503 598 modo
1539 559 1734 613 prospici

883 690 1009 737 ‘882

320 764 770 808 DCCCLXXXVII.
832 764 1088 820 Imperator
1118 764 1316 807 Elisacia
1354 778 1522 820 magna
1551 767 1733 808 infirmi-

177 827 276 867 tate
316 825 606 879 adgravatur.
666 823 833 865 Postea
871 837 1034 878 parum
1074 823 1392 866 convalescens
1432 825 1491 866 ad
1521 825 1733 868 Alaman-
1746 842 1797 873 (r
1791 842 1836 867 »rb
1822 844 1864 873 ιι).

177 884 301 924 niam
341 883 655 938 proficiscitur,
695 895 887 936 vergens
928 884 1105 924 curtem
1141 882 1419 924 Podomam²
1457 897 1538 938 pro
1578 884 1733 927 dolore

179 942 340 996 capitis
380 941 649 983 incisionem
687 940 878 995 accepit.
939 940 1188 982 Transacto
1228 941 1301 983 die
1340 942 1499 983 sancto
1538 943 1733 997 paschae
1747 958 1820 991 Ap
1830 958 1871 986 ιο.

177 1000 390 1041 habitum
420 1001 490 1041 est
519 999 743 1055 placitum
764 998 1067 1054 Weibilinga;
1099 999 1165 1041 ibi
1195 999 1317 1041 inter
1347 999 1439 1041 alia
1458 999 1733 1055 Berngarius

177 1059 236 1100 ad
267 1058 540 1100 fidelitatem
571 1058 765 1100 caesaris
802 1058 1011 1112 pervenit
1041 1058 1309 1112 magnisque
1339 1058 1602 1101 muneribus
1634 1072 1733 1101 con-

176 1117 434 1167 tumeliam,
489 1130 626 1171 quam
671 1117 721 1157 in
766 1116 1030 1158 Liutwardo
1082 1115 1221 1172 priori
1266 1130 1387 1159 anno
1433 1118 1731 1169 commiserat,

178 1176 490 1230 componendo
523 1175 734 1217 absolvit.

318 1234 503 1275 Mortuo
524 1234 680 1288 itaque
703 1233 943 1275 Buosone³
972 1233 1190 1288 parvulus
1215 1235 1314 1276 erat
1345 1234 1386 1276 ei
1417 1233 1537 1275 filius
1559 1234 1615 1276 de
1637 1234 1733 1276 filia

177 1293 438 1334 Hludowici
469 1292 624 1334 Italici
654 1292 795 1347 regis;
837 1292 1019 1334 obviam
1057 1305 1193 1346 quem
1222 1292 1469 1347 imperator
1499 1293 1585 1334 ad³
1620 1292 1732 1335 Hre-

176 1365 287 1392 num
318 1351 431 1392 villa
453 1350 768 1393 Ghirihheim4
797 1351 984 1393 veniens
1015 1350 1264 1392 honorifice
1295 1351 1354 1392 ad
1384 1350 1616 1392 hominem
1646 1351 1732 1393 sibi
1746 1367 1846 1398 (nam.

176 1410 305 1463 quasi
351 1410 618 1464 adoptivum
664 1409 812 1450 filium
858 1422 963 1451 eum
1002 1409 1215 1450 iniunxit.
1286 1408 1534 1450 Alamanni
1573 1411 1734 1451 contra

175 1468 492 1509 Liutwardum
523 1468 787 1522 episcopum
810 1467 965 1510 dolose
988 1467 1314 1522 conspiravere,
1348 1467 1425 1522 qui
1454 1469 1567 1509 tunc
1597 1468 1843 1516 maxi-(nm).

174 1540 275 1567 mus
316 1526 580 1568 consiliator
618 1527 738 1580 regis
777 1526 940 1580 palatii
978 1525 1083 1576 fuit,
1125 1528 1173 1568 et
1203 1538 1309 1567 eum
1339 1539 1367 1567 a
1396 1526 1626 1580 presentia
1655 1526 1732 1567 im-

175 1584 398 1640 peratoris
429 1585 554 1626 omni
584 1585 757 1626 honore
789 1585 1020 1639 privatum
1051 1584 1177 1626 abire
1209 1584 1490 1639 conpellunt.

315 1643 424 1684 Mox
453 1656 560 1685 vero
598 1656 752 1685 caesar
791 1643 1059 1698 gravissima
1097 1643 1365 1685 infirmitate
1403 1643 1617 1685 detentus
1649 1645 1730 1685 est.

174 1701 246 1743 Ab
278 1702 360 1743 illo
392 1715 500 1756 ergo
532 1702 605 1743 die
636 1701 756 1744 male
787 1701 904 1743 inito
938 1701 1126 1744 consilio
1158 1701 1324 1743 Franci
1364 1703 1411 1743 et
1440 1715 1565 1744 more
1596 1701 1732 1744 solito

175 1761 374 1803 Saxones
406 1763 453 1802 et
473 1760 672 1815 Duringi
702 1760 975 1815 quibusdam
996 1760 1352 1802 Baiowariorum
1381 1760 1653 1815 primoribus
1684 1763 1732 1802 et

174 1819 536 1861 Alamannorum
582 1819 810 1861 ammixtis
851 1820 1169 1873 cogitaverunt
1209 1819 1400 1860 deficere
1441 1831 1468 1860 a
1505 1819 1730 1861 fidelitate

174 1878 461 1933 imperatoris
500 1891 585 1920 nec
624 1878 776 1919 minus
815 1878 1045 1933 perficere.
1116 1877 1268 1932 Igitur
1306 1877 1518 1919 veniente
1558 1877 1730 1919 Karolo
1744 1892 1850 1924 (Nom).

174 1937 447 1991 imperatore
479 1937 817 1978 Franconofurt
852 1937 931 1978 isti
966 1936 1279 1978 invitaverunt
1309 1935 1555 1978 Arnolfum
1585 1935 1731 1977 filium

175 1995 449 2036 Karlmanni
479 1995 599 2049 regis
627 1996 866 2050 ipsumque
889 1995 948 2037 ad
970 1995 1193 2037 seniorem
1214 1994 1455 2049 eligerunt,
1487 1995 1584 2036 sine
1605 2007 1732 2036 mora

175 2056 437 2096 statuerunt
469 2055 527 2096 ad
557 2067 711 2108 regem
742 2054 915 2096 extolli.
976 2053 1176 2095 Karolus
1203 2053 1356 2095 nitens
1376 2052 1551 2095 bellum
1572 2055 1732 2095 contra

174 2112 421 2154 Arnolfum
465 2125 621 2167 regem
666 2113 940 2163 instaurare,
990 2113 1070 2154 sed
1114 2126 1209 2154 non
1254 2111 1454 2167 proficit;
1503 2111 1730 2154 concussis

172 2172 336 2213 timore
369 2171 652 2223 Alamannis,
694 2171 858 2226 quibus
898 2171 1093 2213 maxime
1128 2171 1365 2225 negotium
1396 2170 1466 2212 sui
1494 2170 1625 2225 regni
1656 2171 1730 2212 ha-

172 2230 311 2272 bebat
333 2230 634 2281 commissum,
665 2230 821 2272 omnes
842 2230 1026 2285 penitus
1048 2229 1105 2271 ab
1128 2243 1181 2272 eo
1204 2229 1485 2280 defecerunt,
1516 2230 1571 2270 ut
1592 2229 1731 2270 etiam

172 2289 370 2330 ministri
402 2288 459 2330 ab
492 2302 545 2331 eo
578 2289 749 2332 defecti
781 2289 865 2331 sub
898 2287 1037 2331 celeri
1066 2288 1365 2330 festinatione
1396 2288 1455 2330 ad
1485 2287 1731 2329 Arnolfum

171 2360 325 2402 regem
357 2361 403 2390 se
435 2348 697 2390 iunxerunt.

314 2406 532 2457 Karolus,
575 2407 685 2448 dum
725 2419 772 2449 se
812 2406 1015 2461 undique
1056 2419 1084 2448 a
1122 2405 1215 2448 suis
1256 2406 1485 2447 desertum
1524 2404 1728 2455 sentiret,

171 2465 364 2515 nescius,
398 2465 509 2519 quid
540 2466 610 2506 sui
642 2478 804 2507 causae
831 2465 1073 2507 consilium
1102 2464 1246 2520 possit
1277 2463 1387 2513 fieri,
1418 2463 1606 2505 tandem
1637 2477 1729 2504 mu-

172 2536 283 2565 nera
314 2524 373 2564 ad
403 2536 558 2577 regem
589 2524 767 2574 direxit,
801 2536 1046 2595 exposcens
1078 2536 1161 2565 sua
1181 2522 1330 2577 gratia
1350 2521 1423 2564 vel
1454 2534 1599 2576 pauca
1628 2521 1730 2563 loca

172 2582 220 2622 in
260 2581 539 2623 Alamannia
581 2582 668 2623 sibi
708 2583 768 2623 ad
803 2578 954 2624 *usum
993 2594 1136 2636 usque
1181 2582 1231 2622 in
1277 2581 1414 2622 finem
1452 2580 1574 2622 vitae
1619 2592 1728 2621 suae

172 2640 351 2694 largiri;
394 2641 516 2694 quod
554 2653 635 2682 rex
674 2641 742 2682 ita
781 2641 879 2683 fieri
921 2640 1157 2682 concessit.
1221 2639 1310 2681 Sed
1349 2641 1506 2681 tamen
1543 2650 1602 2680 ne
1642 2638 1728 2680 hoc

172 2754 283 2785 a)23.

174 2847 208 2890 1)
230 2848 353 2883 Accua.
374 2858 446 2892 pro
469 2858 562 2883 nom.
686 2848 723 2891 2)
745 2847 901 2882 Bodmen
924 2857 984 2882 seu
1008 2847 1172 2881 Bodman
1193 2856 1304 2891 prope
1329 2845 1584 2888 Constantiam,
1610 2855 1634 2879 a
1657 2855 1728 2890 qua

173 2894 271 2928 lacus
287 2895 502 2929 Bodamicus
524 2905 649 2928 nomen
672 2896 812 2939 accepit.
847 2894 888 2930 P.
960 2894 997 2938 3)
1019 2894 1100 2930 Ian.
1119 2894 1184 2934 11,·
1208 2893 1308 2936 filius
1329 2894 1405 2926 eius
1419 2903 1463 2927 ex
1478 2893 1727 2935 Eminyarda

173 2940 382 2975 Ludowicus
405 2953 439 2977 a.
465 2942 548 2978 890.
573 2943 769 2986 imperator
793 2942 910 2984 factus
933 2945 993 2977 eet.
1089 2941 1126 2983 4)
1149 2940 1309 2975 Kirchen
1331 2940 1436 2982 infra
1460 2939 1651 2975 Basikam.

1396 3009 1443 3046 8*
