2020 3358
312 289 359 323 20
663 283 783 321 ANN.
807 283 954 321 FULD.
978 283 1110 320 PARS
1133 283 1167 321 Ι.
1189 282 1509 329 (SELIGENST.)

312 401 494 437 faciendas
519 402 556 436 et
577 401 856 454 oppressionesa
882 400 1112 454 popularium
1136 399 1346 435 relevandas
1379 400 1516 454 legatos
1549 400 1587 434 in
1612 411 1736 435 omnes
1760 401 1864 446 regni

180 456 300 484 neith.
313 449 368 483 sui
391 450 512 493 partes
535 447 634 482 misit
658 450 704 482 et
728 450 851 492 erepta
875 458 942 492 per
964 447 1038 481 vim
1061 446 1280 492 patrimonia
1303 446 1471 481 multis
1495 446 1662 484 restituit.

262 502 301 530 ιιι.
453 493 663 530 Dcccxv.
711 493 902 529 Exercitus
926 492 1150 528 Francorum
1175 504 1197 528 a
1219 492 1323 528 Hlud
1333 504 1354 528 o
1362 505 1396 527 w
1406 493 1419 527 i
1428 504 1448 528 c
1459 504 1480 528 o
1493 492 1514 519 b
1544 493 1699 538 imperat
1708 504 1730 527 o
1740 505 1760 527 r
1769 504 1789 528 e
1818 493 1866 528 ad

253 572 256 575 .
313 541 487 576 auxilium
503 540 705 576 Ηθτιοιᾶοθ
721 540 907 575 Danorum
924 540 1002 585 regi
1018 539 1208 585 ferendum
1225 542 1353 574 contra
1367 538 1460 574 filios
1473 539 1701 575 Godafridi
1691 551 1729 574 111
1745 539 1781 574 N
1782 540 1864 574 ord

167 595 202 623 A.
213 595 302 623 Laur.
313 588 497 623 manniam
513 588 616 622 miss
627 599 650 622 u
661 588 702 621 s¹
704 613 713 631 ‚
739 598 822 622 cum
839 586 1010 622 advers
1021 586 1113 621 arii
1137 586 1188 621 eis
1205 586 1378 631 congredi
1393 597 1467 621 non
1483 586 1669 630 auderent,
1686 585 1861 621 vastatisd

315 635 595 679 circumquaque
612 634 738 669 vicinis
761 633 864 678 pagis
889 636 926 668 et
949 633 1105 678 acceptis
1129 633 1358 678 popularium
1383 632 1566 667 obsidibus
1589 632 1659 668 XL
1683 644 1866 668 reversus

181 689 217 717 A.
227 688 303 717 ειιιι.
315 683 398 718 est.
515 680 682 716 Romnae
713 680 859 724 quidam
883 679 1059 725 primores
1084 679 1122 714 in
1146 690 1272 715 necem
1290 679 1424 714 Leonis
1447 678 1591 724 papaes
1620 680 1866 724 conspirantes

168 782 204 810 A.
215 782 302 810 Lnur.
314 727 684 810 mterfieffiggkw.
733 772 893 808 Saxones
911 775 948 808 et
963 772 1154 807 orientales
1170 771 1302 807 Franci
1327 772 1364 806 in
1382 771 1539 807 Sorabos
1556 771 1653 807 dicto
1670 783 1745 807 non
1761 772 1866 807 obe-

315 821 454 855 dientes
466 827 488 854 Ε
515 820 643 854 missi
664 818 959 855 contumaciumh
982 819 1169 854 audaciam
1186 830 1260 854 non
1276 830 1407 865 magno
1424 819 1547 854 labore
1565 822 1866 863 compresserunt.

181 875 216 902 A.
227 875 303 904 suh.
314 867 512 902 Wascones
535 865 740 912 gentiliciai
769 865 944 902 levitatek
972 866 1033 900 usi
1057 866 1301 909 defecerunt²,
1326 865 1389 901 sed
1413 866 1552 900 duabus
1578 865 1867 910 expeditionibus

169 922 204 950 A.
216 922 303 951 laur.
314 914 366 948 ita
398 917 483 948 sunt
515 912 707 957 edomiti¹‚
741 917 782 947 ut
815 913 919 948 tarda
953 912 1003 948 eis
1037 912 1214 947 deditiom
1248 915 1284 947 et
1316 912 1415 957 pacis
1439 913 1645 957 impetratio
1670 912 1865 950 videretur.

181 969 216 996 A.
227 969 303 996 Sith.
314 960 392 995 Leo
411 971 510 1014 papa
534 960 687 995 decessit
709 959 818 996 VIIL
835 959 919 996 Kal.
943 958 1051 1003 Iunii,
1077 962 1114 994 et
1138 959 1342 1004 Stephanus
1367 959 1538 994 diaconus
1561 959 1726 1013 pontifex
1750 959 1867 994 factus

314 1007 438 1052 paucis
461 1010 544 1051 post
568 1006 831 1041 ordinationem
857 1017 958 1041 suam
983 1006 1109 1041 diebus
1134 1005 1181 1040 ad
1203 1006 1460 1050 imperatorem
1485 1006 1596 1049 venit,
1628 1017 1650 1041 a
1672 1017 1743 1050 quo
1769 1005 1868 1051 apud

169 1061 205 1088 A.
215 1061 303 1089 haur.
315 1053 547 1088 Remorum¹¹
578 1053 786 1088 civitatem⁰
817 1052 1014 1087 honorifice
1039 1055 1224 1097 susceptus
1249 1055 1314 1088 est.
1361 1051 1433 1098 Qui
1462 1053 1583 1087 statim
1612 1052 1787 1087 adventus
1811 1053 1868 1087 sui

316 1110 535 1181 3333.ae
544 1099 1215 1190 ¹3333301531⁰¹22225325Yffi13
1227 1099 1869 1180 (ἱὲἳέῗιῧζῖθέιωθοῖᾞὲἳέιῗιῗηὲἛ

315 1193 407 1227 datis
432 1194 470 1226 et
485 1192 640 1236 acceptis
658 1195 695 1226 et
711 1191 894 1226 amicitiar
915 1191 1071 1226 vicissim
1096 1190 1276 1226 firmiter
1298 1192 1496 1226 roborata
1518 1191 1683 1236 pontifex
1698 1191 1868 1235 Romam,

315 1239 512 1283 imperator
535 1238 811 1282 Conpendiums
842 1238 1017 1282 palatium
1041 1238 1190 1282 petiitt.

182 1294 216 1321 A.
228 1294 304 1322 sith.
456 1284 706 1321 DCCCXVII.
755 1284 906 1329 Eclipsis
932 1283 1076 1319 solis⁸
1099 1284 1196 1319 facta
1220 1286 1292 1319 est
1314 1283 1429 1319 Nonis
1453 1283 1578 1326 Febr.;
1608 1284 1735 1319 eadem
1759 1287 1868 1320 nocte

315 1332 418 1366 stella
431 1335 587 1366 cometes
603 1331 724 1376 gladio
742 1331 865 1365 similis
877 1331 953 1366 visa
970 1333 1045 1367 est.
1084 1330 1289 1376 Stephanus
1305 1342 1401 1376 papa
1409 1330 1539 1368 Vffll.
1552 1330 1636 1367 Kal.
1649 1331 1756 1368 Febr.
1770 1331 1867 1366 diem

316 1379 417 1421 obiit,
443 1379 501 1414 eui
526 1378 735 1413 Paschahsu
763 1378 998 1422 presbyterv
1026 1378 1205 1413 successit.
1336 1377 1622 1413 Hludowicusb·
1614 1379 1646 1398 ·4
1669 1378 1869 1432 imperator

170 1434 204 1461 A
217 1434 303 1461 taur.
315 1426 430 1460 filium
467 1437 571 1459 suum
606 1425 887 1471 primogenitum
923 1424 1196 1459 Hlothariumw
1233 1425 1420 1460 coronavit
1459 1427 1523 1460 et¹
1563 1425 1718 1460 nominis
1757 1428 1868 1479 atque

315 1473 458 1517 imperii
491 1473 545 1506 sui
578 1472 715 1507 socium
749 1472 816 1506 sibi
850 1471 1048 1515 constituit,
1082 1474 1221 1506 ceteros
1253 1483 1357 1517 reges
1392 1472 1589 1516 appellatos
1614 1483 1727 1506 unum
1750 1472 1812 1516 Aq
1813 1472 1867 1506 ui-

264 1527 303 1554 ib.
315 1520 434 1554 taniae
446 1526 484 1562 ι’,
518 1519 671 1553 alterum
704 1518 893 1553 Baioariae
909 1525 925 1544 2
963 1518 1139 1572 praefecit
1154 1525 1190 1552 ¹².
1333 1517 1511 1553 Sclaomir
1543 1518 1635 1552 dux
1668 1518 1866 1553 Abodrito-

314 1565 428 1600 rumb
468 1568 751 1610 propterea,
786 1565 883 1609 quod
911 1565 1048 1611 regiam
1072 1567 1299 1610 potestatem,
1333 1576 1442 1609 quam
1466 1567 1549 1610 post
1571 1568 1727 1600 mortem
1752 1565 1866 1600 Thra-

316 1613 431 1647 sconis
465 1613 586 1646 soluse
617 1616 725 1656 s'uper
747 1612 947 1646 Abodritos
976 1612 1135 1656 tenebat,
1165 1624 1247 1647 cum
1272 1611 1438 1656 Ceadrog
1439 1611 1487 1646 o(l
1517 1611 1591 1646 filio
1618 1612 1859 1647 Thrasconis0

314 1659 441 1704 partiri
458 1659 661 1703 iubebatur,
687 1659 842 1693 iratus
868 1670 969 1693 cum
992 1639 1172 1704 ΡοΡιιιο
1197 1665 1305 1693 suoss
1336 1659 1431 1693 sibi
1455 1659 1679 1693 subiecto
1703 1658 1865 1703 defecit,

315 1709 360 1740 et
393 1706 501 1740 missa
533 1708 632 1740 trans
665 1717 765 1740 mare
798 1706 979 1750 legatione
1013 1717 1096 1740 cum
1129 1705 1210 1740 filiis
1236 1704 1471 1740 Godafridif
1501 1705 1674 1740 amicitias
1686 1711 1709 1738 g
1737 1705 1866 1742 iunxit.

139 1748 174 1777 A
167 1749 292 1812 AB&
271 1752 301 1774 0¹
314 1751 588 1787 Bernhardush·
580 1752 611 1771 ¹⁵
634 1763 699 1787 rex
720 1751 1067 1797 Langobardorumi
1103 1752 1250 1787 consilio
1275 1763 1469 1797 pravorum
1493 1752 1682 1786 hominum
1699 1752 1865 1806 tyranni—

256 1791 300 1811 ¹¹·
293 1799 397 1833 'dem
421 1799 653 1841 meditatus,
689 1811 789 1834 cum
814 1810 852 1833 se
877 1810 899 1834 a
922 1799 993 1833 suis
1019 1799 1134 1834 deseri
1158 1799 1368 1843 vidisset,
1401 1799 1509 1834 rebus
1537 1799 1747 1844 propriis
1772 1798 1866 1833 diffi-

121 1853 253 1882 A.Lau1·.
265 1854 301 1884 (ι)
314 1845 431 1880 densk
451 1846 548 1890 apud
565 1845 799 1882 Cavillionem
824 1846 932 1880 armis
957 1846 1127 1890 depositis
1151 1846 1361 1891 imperatori
1385 1857 1422 1881 se
1446 1845 1606 1882 tradidit.
1715 1845 1867 1892 Legati⁶

313 1892 445 1927 Leonis
470 1893 696 1937 imperatoris
721 1893 775 1927 de
801 1892 1240 1937 Constantinopoli
1264 1904 1349 1937 pro
1373 1904 1491 1937 pace
1521 1892 1577 1927 ad
1601 1893 1866 1937 imperato-

313 1951 407 1974 rem
442 1938 803 1974 Hludowicum¹
847 1939 981 1974 missi
1014 1941 1274 1984 venerunt,
1309 1951 1398 1984 quos
1430 1939 1519 1974 ille
1552 1939 1675 1984 apud
1707 1938 1866 1985 Ingilen-

314 1997 410 2032 heim
444 2009 460 2031 s
471 2009 494 2031 u
506 2009 521 2031 s
532 2009 552 2032 c
563 2009 582 2032 e
592 2009 616 2042 p
628 2000 643 2031 t
653 2008 674 2032 ο
685 2009 701 2031 s
736 1997 820 2032 audi
830 1997 901 2032 vit
935 2009 956 2032 a
966 2009 985 2032 c
1020 1997 1165 2034 dimisit.
1307 1990 1554 2044 Rassgarius
1591 1989 1732 2032 abbas
1764 1989 1867 2030 Ful·

314 2121 343 2150 a)
362 2120 568 2151 obpressiones
588 2117 620 2147 3.“
675 2120 705 2150 b)
725 2119 804 2147 hlod.
824 2121 849 2147 3.
913 2122 939 2151 c)
959 2119 1099 2146 herion-do
1120 2122 1151 2153 13
1172 2119 1307 2146 herialdo
1326 2121 1351 2148 3.
1414 2119 1446 2152 (ι)
1463 2121 1538 2146 deest
1558 2122 1582 2148 1.
1595 2121 1620 2148 3.
1685 2123 1712 2150 e)
1730 2121 1823 2146 Rome
1842 2121 1869 2148 3.

315 2155 339 2185 f)
359 2162 435 2187 pape
455 2156 479 2182 1.
493 2156 518 2182 3.
581 2157 610 2186 g)
629 2153 822 2180 oboedientes
842 2157 866 2182 1.
931 2156 961 2186 h)
982 2156 1196 2181 contumatiam
1215 2156 1240 2183 2.
1253 2157 1279 2183 3,
1341 2156 1363 2186 ἰ)
1381 2156 1531 2187 gentilitia
1549 2157 1574 2182 3.
1645 2155 1677 2185 k)
1697 2156 1824 2181 levitare
1844 2158 1868 2183 1.

315 2190 336 2220 l)
356 2188 486 2215 edomati
505 2191 530 2216 3.
620 2192 659 2220 ιιι)
679 2188 771 2215 editio
790 2191 815 2217 3.
906 2192 937 2221 ιι)
957 2197 1103 2215 remorum
1122 2191 1148 2218 2.
1237 2193 1266 2222 ο)
1285 2191 1410 2216 civitate
1428 2192 1453 2217 3.
1552 2193 1583 2222 p)
1603 2191 1779 2216 caelebratis
1798 2191 1823 2217 2.
1841 2191 1867 2217 3.

316 2227 346 2256 q)
366 2225 435 2257 imp.
455 2226 478 2252 1.
563 2226 590 2255 r)
608 2225 722 2251 amicic.
741 2225 766 2251 3.
850 2226 875 2255 s)
895 2231 988 2257 comp.
1008 2226 1032 2252 1.
1123 2227 1145 2256 t)
1164 2226 1241 2257 petit
1259 2226 1284 2253 3.
1367 2227 1398 2256 ιι)
1418 2225 1544 2257 pascalis
1563 2226 1588 2252 2.
1607 2226 1632 2253 3.
1715 2227 1746 2256 v)
1764 2223 1824 2258 prb
1842 2226 1868 2252 3.

316 2261 355 2290 w)
375 2258 564 2285 hlodharium
583 2260 608 2287 3.
683 2261 714 2290 x)
733 2263 765 2285 et
782 2273 816 2278 —
836 2260 993 2285 constituit
1012 2267 1099 2285 manu
1112 2261 1215 2292 prima
1235 2261 1265 2284 in
1284 2268 1377 2291 marc.
1396 2267 1489 2292 super.
1509 2261 1620 2285 adiecta
1639 2261 1663 2287 3.
1734 2261 1765 2293 y)
1783 2260 1869 2292 aqui·

318 2295 399 2320 tanie
418 2295 443 2322 3.
497 2296 524 2325 z)
542 2294 655 2320 baiarie
668 2295 736 2326 (sic)
754 2295 779 2322 3.
842 2296 873 2325 a)
892 2295 1019 2326 prefecit
1038 2296 1062 2322 1.
1125 2296 1154 2326 b)
1174 2294 1275 2322 obodr.
1289 2296 1313 2322 3.
1385 2297 1412 2326 c)
1431 2296 1505 2320 deest
1525 2297 1548 2322 1.
1606 2294 1636 2326 d)
1656 2294 1823 2327 cheadrogo
1842 2295 1867 2322 2.

317 2331 344 2360 e)
364 2329 551 2355 trhaschonis
570 2330 602 2361 23
624 2330 769 2355 trasconis
788 2330 813 2356 3.
875 2330 900 2361 s)
917 2328 1031 2362 godofr.
1051 2331 1078 2358 3.
1139 2332 1168 2362 g)
1187 2331 1297 2358 amitie.
1316 2331 1349 2362 23
1369 2331 1482 2358 amicic.
1501 2331 1527 2358 3.
1588 2330 1619 2361 h)
1639 2330 1823 2356 Bernhartus
1843 2331 1868 2358 1.

318 2365 338 2396 i)
358 2364 435 2396 long.
454 2366 478 2392 1.
498 2365 524 2392 2.
596 2364 627 2396 k)
647 2363 773 2390 difidens
793 2365 818 2392 3.
891 2365 912 2396 1)
930 2363 1010 2392 blod.
1029 2365 1054 2392 3.

319 2476 353 2518 1)
376 2473 504 2510 Exere.
531 2495 575 2500 —
600 2474 727 2508 missus
752 2487 795 2508 ex
818 2476 913 2511 Ama.
939 2475 1043 2518 sith„
1080 2486 1162 2509 cum
1189 2495 1233 2500 —
1258 2487 1332 2511 rev.
1358 2477 1412 2509 est
1435 2486 1452 2510 e
1476 2476 1590 2511 Laur.
1710 2475 1746 2519 2)
1769 2474 1870 2510 Gens

317 2521 538 2556 Wasconum
569 2521 746 2567 gentilitia
775 2522 919 2556 levitate
945 2533 1009 2555 usa
1033 2521 1155 2556 deficit
1179 2523 1275 2558 Arm.
1300 2523 1416 2563 Sith.,·
1451 2521 1634 2556 Vascones
1659 2549 1668 2558 .
1694 2548 1703 2558 .
1731 2549 1739 2558 .
1764 2522 1869 2556 solita

317 2568 462 2602 levitate
488 2568 659 2602 commoti
684 2597 692 2605 .
713 2596 721 2604 .
741 2596 748 2604 .
774 2568 976 2603 defectione
1001 2568 1228 2603 desciverunt
1252 2570 1346 2605 Ann.
1372 2570 1486 2604 Laur.
1582 2570 1619 2613 3)
1641 2569 1747 2602 lunae
1772 2570 1868 2605 Ann.

318 2615 409 2650 Sith.
434 2620 465 2649 et
484 2616 598 2651 Laur.
694 2616 731 2658 4)
753 2614 866 2651 Hlud.
891 2615 977 2659 imp.
1001 2626 1045 2649 (ιω
1061 2617 1156 2652 Arm.
1173 2617 1278 2659 sith..
1303 2621 1415 2650 cetera
1431 2627 1448 2650 e
1463 2616 1577 2651 Laur.
1673 2616 1710 2659 5)
1732 2614 1869 2650 Bernh.

318 2673 347 2697 r.
373 2660 488 2706 Lang.
520 2673 563 2696 επ
587 2663 682 2697 Ann.
708 2662 812 2706 sith„
847 2667 959 2696 cetera
983 2673 1000 2695 e
1024 2663 1137 2698 Laur.
1270 2663 1306 2706 6)
1328 2663 1424 2697 Haec
1447 2673 1578 2706 quoque
1601 2673 1645 2696 ezr
1668 2662 1869 2695 Annalium

318 2709 550 2742 Sdthionsium
574 2709 772 2753 exemplari
790 2710 901 2753 paulo
924 2709 1083 2743 uberiore
1105 2710 1254 2753 quodam
1270 2711 1416 2752 fluxisse
1431 2710 1604 2751 videntur,
1631 2710 1757 2752 quippo
1780 2719 1870 2752 quae

318 2766 342 2788 a
366 2755 659 2789 Laurissensihns
684 2757 823 2798 lonyius
846 2757 1030 2797 recedant5
1062 2757 1154 2800 quod
1177 2757 1369 2801 exemplar,
1395 2767 1439 2790 ex
1461 2766 1528 2800 quo
1550 2756 1656 2789 codex
1679 2755 1870 2789 Sithiensis

318 2802 513 2845 descriptus
545 2803 681 2836 videtur
711 2813 792 2845 esse,
828 2804 986 2847 suspicor
1017 2814 1066 2836 an
1090 2803 1249 2837 Annales
1280 2804 1425 2848 quidam
1449 2803 1691 2836 Blandiniani
1718 2802 1865 2844 fuerint,

318 2849 381 2891 qui
403 2848 452 2881 ad
475 2853 597 2882 nostra
622 2854 777 2892 tempora
803 2860 873 2883 non
898 2854 1073 2893 venerunt,
1099 2851 1145 2884 ab
1169 2851 1245 2894 ipso
1260 2850 1450 2884 Einhardo
1473 2850 1655 2893 compositi
1676 2853 1718 2891 et,
1745 2859 1869 2892 quam-

319 2895 382 2927 din
408 2896 507 2938 vioeit,
533 2897 738 2931 continuati.
