2020 3358
207 582 242 610 Α.
252 583 333 610 Bert.

295 817 334 844 ib.

295 1157 334 1185 ib.

296 1473 334 1501 ib.

345 298 391 332 26
697 295 816 333 ANN.
841 295 986 334 FULD.
1015 296 1147 332 PARS
1171 296 1202 334 L
1225 295 1543 342 (SELIGENST.)

346 416 535 458 fluvium
554 417 789 459 venientes
820 418 1039 471 quasdam
1061 417 1194 459 villas
1225 420 1484 460 nostrorum
1515 417 1692 458 flumini
1723 417 1900 458 vicinas

345 475 660 517 incenderunt.
721 482 961 518 Bernhardus
987 495 1116 518 comes
1129 490 1149 510 ¹2
1178 483 1490 518 Barcinonensis
1514 483 1551 517 in
1576 483 1709 527 palatio
1735 494 1900 518 camera—

345 529 438 564 rius
463 529 726 574 constitutus,
751 533 797 565 et
820 529 1086 565 Elothariusb
1116 531 1154 564 in
1178 530 1322 565 Italiam
1346 530 1600 575 profectus
1626 532 1708 566 est.

486 575 733 614 DCGOXXX.
781 575 1074 611 commotio¹
1099 580 1272 612 contra
1300 577 1645 622 imperatorem
1671 588 1692 610 a
1716 576 1898 620 primo-

346 623 479 658 ribus
501 622 795 658 Francorum
820 623 867 657 in
884 623 1179 668 Compendio
1206 627 1377 658 exorta
1400 626 1603 668 propter
1619 623 1896 667 Bernhardum,

347 681 480 714 quem
506 669 552 703 in
576 669 764 714 palatio
791 681 893 705 esse
917 671 1194 707 noluerunt.
1243 670 1342 716 Quo
1375 670 1486 704 inde
1517 670 1719 714 depulso
1751 672 1898 714 atque

346 716 489 762 fugato
512 716 558 750 in
580 717 789 762 gratiam
813 728 913 752 cum
937 728 985 752 eo
1007 717 1284 761 redierunt,
1309 717 1390 752 sed
1415 717 1470 751 ad
1494 716 1639 752 breve
1661 716 1901 761 temporis

348 775 363 797 s
407 763 597 798 atiume.

372 775 396 808 p
487 809 754 846 DOCCXXXI.
803 809 1001 845 Conventa
1026 810 1150 855 apud
1172 809 1447 856 Noviomagum
1473 809 1668 844 habito²
1691 809 1900 853 impera-

347 859 424 891 tor
446 867 626 901 omnes,
652 856 824 901 quisibi
847 857 1091 892 contrarii
1113 857 1332 900 fuerunt,
1357 857 1492 892 velut
1516 857 1643 890 iuste
1670 858 1900 890 exaucto·

346 915 494 958 ravit3
525 907 744 960 quosdam
772 907 981 962 publicis,
1014 908 1233 962 quosdam
1266 908 1455 962 privatis
1484 907 1620 949 rebus
1651 906 1900 961 expolians,

348 973 576 1017 quosdam
611 973 657 1007 in
692 973 892 1008 exilium
926 974 1125 1009 mittens
1161 966 1358 1007 multum
1391 968 1549 1007 contra
1580 978 1626 1007 se
1658 967 1704 1007 et
1736 965 1899 1006 Iudith

346 1037 533 1065 uxorem
564 1037 692 1065 suam
723 1037 816 1065 non
846 1024 995 1066 solum
1025 1024 1195 1079 populi,
1228 1025 1309 1066 sed
1334 1024 1474 1066 etiam
1495 1023 1693 1065 filiorum
1714 1037 1900 1065 suorum

348 1082 521 1123 animos
553 1082 812 1123 concitavit.

487 1146 776 1183 DCOCXXXH.
812 1140 1895 1192 ImperatormenseMaiocontraflludowicumd

347 1193 507 1228 filium
545 1194 590 1228 ad
626 1193 849 1239 Augustam
882 1194 1225 1230 Vindelicume
1269 1206 1351 1229 cum
1390 1194 1550 1229 exercitu
1585 1194 1695 1230 venit.
1756 1193 1925 1234 Inde?

346 1252 572 1276 reversus
603 1241 649 1274 in
674 1241 990 1285 Aquitaniam
1015 1240 1211 1285 Pippinum
1236 1240 1350 1275 filium
1375 1252 1523 1286 regno
1548 1241 1786 1285 privavit3
1819 1240 1902 1275 sed

347 1299 393 1333 in
404 1299 427 1333 d
439 1310 477 1343 e,
511 1294 752 1345 postquam
781 1304 968 1333 uxorem
997 1291 1227 1333 abdicavit
1237 1291 1265 1341 4,
1300 1305 1403 1332 cum
1429 1304 1596 1345 magna
1624 1290 1907 1340 difficultate,

348 1350 407 1391 ad
438 1350 649 1403 Aquense
680 1350 905 1404 palatium
944 1369 1197 1403 regressus
1229 1360 1310 1394 est.
1367 1350 1446 1391 Sol
1483 1350 1654 1392 defecit
1683 1349 1749 1390 ΙΙ.
1780 1349 1901 1390 Non.

348 1408 455 1449 Mai.
489 1418 534 1450 et
558 1416 670 1450 luna
694 1415 831 1452 XIII.
855 1415 957 1452 Kal.
982 1415 1196 1452 Iuniis-⁵.
1414 1446 1419 1450 .

489 1462 797 1499 DOCCXXXIII.
828 1462 1079 1508 Imperator
1094 1463 1203 1497 initio
1215 1469 1252 1495 8·
1261 1463 1275 1482 ⁶
1288 1461 1609 1508 quadragesimaeh
1622 1461 1891 1497 Wormaciami

348 1521 447 1555 venit
473 1524 517 1555 et
541 1513 605 1554 ibi
631 1526 770 1555 uxore
791 1514 1031 1556 revocafia4
1064 1524 1207 1565 atque
1233 1522 1392 1556 exercitu
1418 1524 1682 1567 congregato
1709 1520 1903 1555 contra.²

350 1568 487 1602 filios
522 1579 629 1603 suos
664 1569 719 1602 ad
753 1579 798 1602 se
831 1568 999 1603 venire
1033 1569 1256 1603 volentes
1291 1569 1337 1602 in
1365 1567 1611 1602 Alisatiamk
1646 1567 1902 1611 profectus

350 1618 493 1658 atque
523 1615 592 1649 ibi
617 1626 638 1650 a
663 1615 760 1649 suis
792 1615 1017 1650 desertus
1048 1626 1098 1650 ac
1122 1615 1347 1659 proditus
1373 1618 1418 1650 et
1442 1615 1488 1648 in
1514 1615 1733 1649 filiorum
1764 1617 1902 1658 pote·

347 1664 525 1743 {tatem
561 1662 791 1697 redactus
829 1665 909 1699 est.
971 1661 1088 1697 Erat
1123 1662 1191 1697 ibi
1229 1674 1329 1697 cum
1366 1662 1493 1696 filiis
1531 1661 1744 1707 Gregorius
1780 1671 1902 1705 papa

393 1720 598 1745 omanus,
1533 1712 1539 1720 '

348 1839 376 1869 a)
397 1839 485 1863 comis
505 1839 530 1866 3.
602 1838 632 1870 11)
651 1837 827 1864 hludharius
846 1839 871 1865 3.
935 1839 962 1869 c)
981 1838 1114 1871 spacium
1135 1839 1161 1867 2.
1223 1837 1254 1870 d)
1273 1837 1473 1864 hludawicum
1492 1832 1523 1866 3.'
1582 1839 1609 1869 e)
1628 1835 1811 1863 Vindelicum
1830 1838 1854 1864 1.
1867 1837 1899 1869 2;

348 1881 427 1898 -cum
447 1881 522 1901 corr.
536 1881 613 1899 -cam
632 1874 657 1902 3,
711 1874 736 1905 f)
753 1874 836 1901 XIII.
850 1874 925 1901 Non.
938 1874 1004 1901 Iun.
1022 1874 1048 1901 3.
1118 1875 1148 1906 g)
1166 1873 1199 1899 in
1217 1874 1303 1899 initio
1324 1876 1352 1907 1;
1372 1874 1462 1899 inicio
1483 1874 1508 1901 2.
1581 1874 1612 1904 h)
1631 1871 1857 1905 quadragesime
1875 1873 1902 1900 3.

349 1909 370 1940 i)
389 1909 591 1934 wormaticam
610 1910 635 1937 3.
707 1909 738 1941 k)
757 1909 894 1935 alsatiam
913 1910 942 1942 1;
963 1908 1112 1934 Alsaciam
1130 1909 1156 1937 2.

350 2025 384 2069 1)
407 2026 459 2059 De
484 2026 541 2059 his
564 2026 667 2060 rebus
696 2027 742 2068 cf.
768 2026 918 2069 Simeon,
948 2026 1186 2060 ‘Jahrbiccher
1209 2026 1380 2068 Ludwiys
1403 2026 1463 2059 des
1486 2025 1686 2059 Frommen’
1710 2025 1741 2067 I,
1768 2037 1806 2068 p.
1831 2025 1903 2060 352

349 2074 487 2113 —355,·
521 2073 707 2106 Dammler
732 2073 755 2108 l.
782 2074 804 2108 l.
826 2085 864 2117 p.
889 2074 1042 2108 55-58.
1091 2073 1230 2106 Abhinc
1249 2083 1360 2116 paene
1385 2074 1514 2115 omnia,
1542 2083 1628 2115 quae
1653 2073 1691 2104 in
1716 2072 1782 2105 hac
1805 2072 1902 2107 Anu.

348 2119 455 2154 Fuld.
477 2124 582 2162 parte
606 2124 821 2162 narrantur,
848 2130 926 2152 cum
949 2120 1045 2155 Ann.
1068 2120 1293 2153 Bertinianis
1316 2121 1356 2152 in
1379 2120 1482 2153 rebus
1506 2124 1608 2162 atque
1631 2120 1772 2162 saepius
1795 2120 1901 2152 etiam

349 2167 388 2199 in
418 2167 530 2199 verbis
559 2170 766 2208 coum-uum.
819 2166 948 2199 Tamen
973 2177 1044 2200 non.
1068 2177 1111 2200 ex
1137 2168 1224 2210 ipsis
1247 2168 1297 2200 eis
1321 2166 1513 2199 annalibus
1543 2166 1653 2198 mtdto
1683 2165 1903 2207 laryioribus

349 2217 486 2246 nostros
517 2213 707 2246 admodum
742 2213 855 2246 breves
888 2213 1031 2246 haustos
1063 2223 1133 2247 esse
1165 2213 1327 2255 dicemus,
1362 2214 1405 2255 si,
1440 2213 1610 2255 quomodo
1641 2216 1765 2245 auctor
1797 2216 1903 2245 antea

349 2260 552 2292 Annalibus
567 2259 862 2292 Laurissensibas
878 2270 964 2293 usas
979 2261 1037 2301 sit,
1063 2261 1352 2303 reputaverimus,
1379 2259 1438 2298 sed
1461 2270 1504 2292 esc
1528 2260 1744 2302 inteopositis
1759 2259 1902 2301 quibus-

349 2307 432 2339 dam
456 2307 542 2339 aliis
567 2306 792 2349 brevioribus,
827 2307 951 2340 eisdem
986 2306 1150 2348 videlicet,
1186 2316 1271 2349 quos
1301 2317 1414 2349 supra
1448 2308 1499 2348 (a.
1525 2307 1613 2349 817)
1638 2306 1903 2341 Blandim'anos

349 2353 518 2388 diximus.
615 2353 651 2396 2)
673 2353 791 2386 Mense
809 2353 948 2386 Octobri
970 2354 1060 2386 anni
1074 2354 1155 2388 830.
1180 2353 1221 2388 P.
1232 2365 1246 2393 ,·
1270 2354 1535 2386 coniuratorum
1560 2352 1743 2385 damnatio
1767 2363 1802 2386 α.
1819 2353 1902 2387 831.

349 2400 486 2433 danaum
512 2410 622 2433 mense
647 2400 846 2433 Februario
870 2401 985 2443 Aquis
1004 2401 1162 2443 perfecta
1186 2404 1245 2434 est.
1296 2399 1351 2441 Cf.
1377 2399 1515 2432 Simson
1542 2399 1565 2434 l.
1589 2410 1616 2434 c.
1639 2410 1675 2442 p.
1693 2400 1902 2439 359—363,·

349 2447 536 2480 Dic'mmler
555 2458 594 2491 p.
611 2447 763 2482 59—62.
859 2447 895 2490 3)
919 2446 974 2489 Cf.
1004 2447 1166 2489 Theqani
1187 2447 1304 2479 Vitam
1328 2446 1492 2481 Hlecdow.
1518 2447 1581 2480 41:
1608 2445 1692 2478 inde
1717 2447 1904 2479 revertens

348 2492 509 2537 perrexit
532 2492 570 2526 in
586 2492 843 2537 Aquitaniam3
868 2492 1065 2537 imperator
1089 2492 1172 2526 inde
1197 2495 1380 2526 revertens
1405 2492 1504 2526 venit
1523 2491 1659 2535 Aquis3
1686 2493 1823 2526 Simwn
1848 2492 1902 2535 II,

346 2552 383 2584 p.
403 2542 565 2580 23——30,·
590 2540 776 2574 Dammler
794 2552 833 2584 p.
853 2541 1004 2575 70—72.
1099 2540 1136 2583 4)
1158 2540 1276 2573 Errat
1300 2544 1422 2573 auctor
1429 2552 1442 2580 ,·
1467 2540 1530 2572 hoc
1553 2540 1646 2572 enim
1670 2540 1744 2572 iam
1768 2550 1802 2574 a.
1819 2540 1902 2574 830.

351 2588 484 2628 factum
513 2591 572 2622 est.
623 2587 763 2621 Simsan
794 2588 836 2620 de
867 2587 970 2621 rebus
1000 2598 1034 2622 a.
1060 2587 1140 2622 833.
1166 2591 1197 2620 et
1220 2588 1301 2622 834.
1335 2588 1442 2628 φθαίης
1473 2587 1624 2628 coquat,-
1657 2587 1715 2619 cui
1746 2586 1903 2629 equidem

350 2644 419 2667 non
444 2635 627 2676 assentior,
651 2638 839 2678 propterea
863 2634 955 2677 quod
979 2634 1019 2667 de
1043 2634 1120 2667 illis
1146 2635 1247 2675 infra
1271 2635 1323 2676 (a.
1341 2634 1435 2675 834)
1460 2634 1586 2666 mentio
1607 2633 1658 2674 fit.
1754 2633 1791 2675 ὃ)
1805 2633 1900 2665 Ann.

350 2681 470 2715 Rern:
509 2679 590 2724 Quo
622 2679 731 2714 etiam
761 2682 925 2724 tempore
958 2679 1096 2723 eclipsis
1129 2680 1235 2714 lunae
1266 2678 1376 2716 ΧΠΙ.
1406 2678 1560 2713 Kalend.
1594 2677 1671 2712 Mai
1704 2682 1786 2722 post
1818 2678 1901 2712 solis

351 2737 517 2761 occasum
542 2726 638 2761 facta
663 2729 727 2763 est.
824 2728 860 2771 6)
883 2729 967 2761 ante
991 2726 1134 2760 initium
1159 2725 1285 2771 quadr.
1310 2728 1406 2762 Ann.
1431 2726 1553 2761 Barth.
1652 2726 1686 2768 7)
1710 2726 1764 2767 Cf.
1795 2725 1901 2768 They.

356 2774 395 2808 V.
421 2774 533 2809 Hlud.
558 2775 624 2809 42:
659 2773 805 2818 audivit,
840 2775 881 2808 ut
914 2774 1045 2808 iterum
1079 2773 1143 2807 filii
1177 2773 1231 2807 sui
1265 2773 1311 2807 ad
1342 2784 1425 2807 eum
1454 2772 1577 2807 venire
1601 2771 1797 2811 voluissent
1827 2782 1902 2804 non

349 2819 518 2863 pacifice3
554 2821 615 2864 qui
649 2821 882 2866 congregavit
915 2818 1123 2856 exercitum.
1159 2847 1168 2856 .
1201 2848 1209 2856 .
1242 2847 1251 2856 .
1285 2819 1367 2853 Filii
1401 2822 1522 2853 autem
1556 2818 1630 2852 eius
1663 2821 1903 2862 perrexerunt

351 2866 493 2900 obviam
529 2867 562 2901 ei
595 2879 677 2901 cum
713 2867 890 2912 Gregorio
923 2878 1018 2912 papa
1051 2867 1230 2903 Romano.
1289 2867 1427 2901 Simson
1456 2878 1495 2910 p.
1518 2866 1679 2906 44—53‚·
1715 2866 1902 2898 Damnum·
