2020 3358
185 896 270 928 (895).

208 1305 269 1332 896.

283 296 352 332 130
563 291 682 329 ANN.
706 291 853 329 FULD.
878 290 1021 329 CONT.
1045 290 1243 328 RATISB.
1290 291 1340 328 A.
1362 292 1445 329 896.
1467 293 1550 329 897.

281 414 393 456 victi
424 416 552 463 sunt;
589 413 759 455 iterum
788 412 887 468 pari
917 414 1076 454 tenore
1105 424 1372 466 recuperare
1402 412 1604 454 nitentes
1635 413 1834 455 secundo

284 485 468 515 caruere
488 471 693 514 victoria.
739 470 945 513 Tandem
975 471 1139 519 miseri,
1172 470 1318 520 inscii,
1350 483 1486 524 quam
1511 470 1834 514 consolationis

284 544 467 573 causam
496 530 571 573 vel
600 530 790 572 remedii
821 529 1079 584 potuissent
1110 528 1326 578 invenire,
1369 531 1559 570 currunt
1589 542 1744 571 omnes
1776 530 1836 571 ad

282 589 476 644 vestigia
495 588 642 631 vetuli
672 588 858 630 illorum
880 588 1000 641 regis
1020 586 1261 629 Michaelis
1273 586 1300 635 ¹,
1333 587 1411 640 qui
1442 599 1518 628 eos
1549 588 1746 642 primum
1777 588 1836 629 ad

283 648 559 690 christianae
588 646 822 701 religionis
853 646 1095 688 veritatem
1126 645 1364 695 convertit,
1398 645 1693 699 inquirentes,
1726 646 1835 700 quid

283 707 347 749 eis
378 706 436 748 ab
467 705 726 747 imminenti
761 703 965 759 periculo
996 703 1282 746 evadendum
1313 703 1584 746 consuleret.
1646 703 1736 756 Qui
1772 705 1835 745 in-

284 765 407 806 dicto
437 764 653 806 triduano
683 763 854 805 ieiunio
884 763 1191 818 penitenciam
1222 762 1279 804 de
1309 762 1457 804 inlata
1482 763 1742 804 christianis
1772 763 1836 804 in-

282 823 401 865 iuria
422 835 567 877 agere,
601 822 708 864 dein
729 821 951 863 auxilium
972 834 1000 863 a
1020 820 1120 863 Deo
1141 821 1423 875 querendum
1443 833 1541 863 esse
1562 822 1836 876 premonuit.
1927 858 1932 871 ,

283 881 428 933 91108
470 883 656 936 peracto
696 881 862 922 durum
901 880 1043 922 iniere
1083 882 1334 930 certamem
1377 879 1691 934 pugnantibus
1730 893 1836 922 vero
1849 876 1886 906 ¹·
1927 877 1959 896 '·‘

283 939 504 982 ambabus
543 939 761 982 acerrime
801 938 1009 994 partibus
1049 939 1107 980 ad
1146 938 1364 980 ultimum
1402 939 1713 980 misericordia
1749 938 1836 980 Dei

282 999 474 1040 victoria
512 998 716 1052 quamvis
754 994 962 1039 *cruenta
1008 997 1268 1039 christianis
1315 1010 1527 1039 concessa
1571 1000 1653 1039 est.
1725 996 1867 1049 Quis
1864 1019 1897 1044 p.
1936 1021 1938 1028 ι

284 1057 406 1099 0111111
445 1056 690 1111 gentilium
719 1056 973 1098 Avarorum
1013 1057 1188 1110 strages
1226 1056 1370 1097 tantis
1411 1051 1831 1110 congressionibusb

284 1116 592 1157 enumerando
632 1115 775 1169 possit
814 1113 1070 1169 exponere?
1110 1126 1214 1155 cum
1254 1113 1578 1168 Bulgarorum
1626 1115 1686 1155 ad
1725 1127 1837 1182 quos

282 1174 475 1216 victoria
496 1173 729 1224 concessit,
762 1185 952 1214 numero
974 1172 1065 1214 XX
1084 1172 1212 1214 milia
1233 1172 1440 1226 equitum
1471 1185 1574 1214 cesa
1603 1173 1838 1214 inveniun-

281 1235 359 1274 tur
372 1233 399 1271 2.
463 1231 751 1287 Stipantibus
783 1231 980 1285 denique
1009 1231 1155 1273 isdem
1185 1231 1233 1271 in
1264 1230 1471 1286 partibus
1507 1231 1628 1273 inter
1658 1244 1706 1273 se
1738 1244 1838 1273 con·

282 1291 482 1332 flictibus
512 1291 761 1346 imperator
780 1290 1066 1331 Pannoniam
1097 1302 1199 1331 cum
1231 1289 1344 1331 urbe
1371 1289 1680 1331 Paludarum³
1709 1292 1838 1332 tuen·

283 1350 388 1392 dam
415 1349 685 1391 Brazlavoni
716 1349 823 1391 duci
853 1362 935 1390 suo
965 1349 1014 1390 in
1045 1349 1094 1390 id
1123 1350 1305 1403 tempus
1336 1348 1683 1390 commendavit.
1745 1348 1838 1390 Leo

281 1421 388 1451 vero
419 1409 666 1463 imperator
698 1406 948 1450 Grecorum
979 1407 1201 1448 Lazarum
1241 1407 1469 1461 quendam
1504 1409 1719 1448 vocatum
1749 1407 1838 1462 epi-

283 1480 470 1522 scopum
505 1467 565 1508 ad
596 1479 796 1508 cesarem
827 1468 1075 1520 augustum
1114 1479 1218 1506 cum
1257 1465 1522 1507 muneribus
1561 1466 1835 1515 transmisit;

163 1539 270 1570 (Nom).
283 1539 418 1579 quem
455 1525 535 1567 ille
575 1526 699 1580 apud
735 1524 897 1566 urbem
934 1524 1286 1566 Radasbonam4
1331 1526 1568 1578 gratanter
1610 1524 1838 1578 accipiens

282 1597 450 1639 paucos
491 1597 596 1625 eum
636 1584 731 1625 dies
772 1597 926 1625 secum
961 1583 1166 1632 retinuit,
1207 1583 1395 1624 tandem
1435 1582 1684 1624 honoribus
1726 1582 1838 1624 dita-

281 1645 383 1684 tum
412 1643 588 1684 remisit
617 1642 667 1683 in
697 1655 792 1684 sua.

1010 1754 1110 1800 897.

425 1828 781 1872 DOOOXCVII.
834 1828 971 1870 Cesar
993 1841 1097 1870 vero
1129 1829 1257 1869 curte
1287 1827 1414 1882 regia
1435 1826 1607 1882 Otinga
1635 1827 1836 1870 natalem

285 1889 471 1931 Domini
503 1888 763 1938 celebravit,
805 1886 1155 1929 advenientibus
1195 1886 1367 1928 ibidem
1407 1887 1466 1928 ad
1502 1900 1607 1928 eum
1637 1887 1838 1928 Maravo-

282 1962 384 1989 rum
424 1947 584 1996 missis,
627 1946 706 2000 qui
746 1959 827 2001 pro
867 1959 979 2000 pace
1021 1945 1353 1995 constituenda,
1395 1958 1453 1987 ne
1491 1945 1645 1987 exules
1683 1958 1838 1987 eorum

284 2006 467 2061 profugi
497 2005 820 2060 reciperentur,
854 2004 911 2046 ab
942 2005 1216 2059 imperatore
1247 2003 1482 2057 flagitant3
1521 2017 1632 2058 quos
1662 2017 1753 2053 rex,
1786 2006 1839 2044 ut

285 2065 473 2114 audivit
517 2064 713 2105 absolvit
754 2066 801 2105 et
841 2063 938 2104 sine
979 2076 1105 2104 mora
1144 2062 1270 2104 abire
1309 2063 1528 2117 permisit.
1590 2063 1696 2117 Ipse
1733 2076 1839 2104 vero

175 2137 251 2168 (Ian.
254 2136 272 2168 >.
286 2123 444 2165 habito
481 2122 684 2190 generali
723 2124 951 2163 conventu
981 2121 1094 2163 urbe
1124 2121 1302 2175 Regino
1316 2121 1332 2145 ⁵
1370 2123 1554 2176 propter
1593 2121 1839 2175 gravitudi-

203 2373 272 2400 Mai.

284 2194 389 2223 nem
421 2181 618 2235 corporis
656 2181 700 2220 in
736 2180 949 2221 Baioaria
988 2181 1172 2221 secretis
1210 2179 1323 2221 locis
1362 2180 1564 2221 hiemare
1602 2179 1837 2247 disposuit.

286 2240 445 2282 Fames
476 2239 630 2280 valida
669 2251 749 2293 per
779 2239 1037 2280 universam
1067 2238 1300 2292 regionem
1332 2237 1686 2279 Baiowariorum
1717 2238 1838 2279 incu-

286 2298 397 2349 buit
430 2299 499 2340 ita
527 2300 581 2338 ut
611 2297 747 2338 multi
778 2297 932 2339 inedia
963 2299 1351 2338 consumerentur.

426 2356 635 2398 Exeunte
675 2357 831 2397 autem
870 2368 1024 2397 mense
1062 2354 1216 2396 Madio
1257 2354 1468 2396 habitum
1509 2357 1578 2396 est
1617 2334 1839 2409 placitum

284 2415 397 2458 urbe
424 2415 697 2457 Wormacia.
759 2413 834 2455 Ibi
865 2414 987 2455 inter
1017 2413 1110 2454 alia
1141 2413 1468 2455 Zuentibaldus
1499 2413 1621 2454 filius
1651 2413 1838 2468 impera-

284 2475 396 2516 toris
427 2474 487 2515 ad
508 2487 612 2516 eum
633 2473 839 2522 veniens;
873 2485 1007 2526 quem
1038 2471 1118 2513 ille
1149 2471 1347 2526 benigne
1379 2472 1628 2526 suscipiens
1659 2471 1838 2526 quibus-

286 2534 391 2574 dam
422 2531 694 2588 primoribus
726 2531 830 2581 suis,
869 2531 947 2585 qui
978 2531 1117 2585 priori
1149 2543 1269 2571 anno
1301 2530 1358 2572 ab
1391 2543 1444 2572 eo
1475 2530 1723 2572 honoribus
1754 2531 1838 2585 pri-

285 2647 314 2679 a)
334 2647 383 2671 hin
385 2647 475 2671 cdecn
453 2647 526 2671 οίηιιι
560 2646 624 2670 coia
614 2647 665 2671 ucis
684 2646 700 2671 3
720 2646 741 2670 ἰ
732 2646 819 2677 ncipit
837 2652 893 2677 qua
876 2645 987 2669 aternio
993 2645 1117 2675 ,·cm'u8‚
1143 2647 1173 2668 ut
1198 2645 1267 2668 Iibrv
1293 2647 1398 2676 aurtoy
1399 2644 1470 2675 ophi
1492 2644 1736 2669 continuationum
1756 2644 1838 2668 Alea-

286 2682 403 2706 hensiun
415 2683 476 2712 ,of
461 2654 547 2706 oilc181
545 2682 560 2705 ’ν
561 2681 685 2712 ιίηιαν9
686 2688 748 2706 ne
738 2683 819 2705 nmot
790 2688 856 2705 mun
901 2687 964 2711 carp
957 2681 987 2703 itt
988 2680 1029 2703 «la
1047 2680 1120 2703 301111
1121 2680 1168 2704 dis
1186 2680 1249 2710 3ἰ9η
1232 2687 1289 2704 nan
1272 2682 1339 2706 ntes.
1412 2679 1441 2710 b)
1461 2679 1703 2711 congessionibus
1722 2680 1748 2706 3.

289 2776 323 2817 1)
346 2774 424 2808 sive
449 2775 608 2818 Boqoris.
720 2774 756 2816 2)
779 2774 875 2807 Haec
898 2774 1015 2807 eadem
1038 2784 1161 2817 puqna
1185 2773 1323 2806 videtur
1346 2773 1467 2815 fuisse,
1494 2773 1535 2806 de
1558 2783 1628 2816 qua
1653 2783 1766 2816 supra
1790 2773 1839 2805 ad

287 2833 320 2856 a.
337 2822 418 2857 895.
444 2832 487 2854 ear
511 2823 696 2855 incertiore
719 2822 844 2854 nuntio
867 2822 1020 2854 relatum
1044 2824 1103 2855 est.
1177 2820 1212 2862 3)
1234 2820 1265 2855 I.
1282 2831 1309 2855 0.
1327 2820 1522 2862 Mosaburq
1538 2822 1599 2862 (=
1619 2819 1837 2862 Moosbury).

286 2868 323 2910 4)
352 2868 447 2902 Unde
471 2869 627 2911 diploma
652 2869 738 2903 Nov.
763 2870 821 2903 20.
853 2868 1008 2909 (Mahlb.
1033 2868 1143 2909 1874)
1176 2867 1299 2900 datum
1323 2871 1383 2902 est.
1502 2866 1539 2909 5)
1563 2866 1617 2907 Cf.
1642 2867 1838 2909 diplomata

288 2915 367 2950 Ian.
393 2916 449 2950 28.
475 2919 507 2948 et
531 2916 587 2950 30.
613 2916 693 2948 inde
718 2916 804 2948 data
828 2915 983 2957 (Mwhlb.
1003 2915 1265 2955 1875-1877).

1849 914 1893 946 (⁴1
1933 926 1935 928 ’
