2020 3358
462 319 662 358 CONTIN.
687 319 955 357 RATISBON.
1004 321 1051 357 A.
1076 323 1275 359 892—894.
1578 325 1646 360 123

233 442 424 496 Hiemps
457 453 616 496 aspera
647 442 693 482 et
723 440 828 495 plus
859 440 1047 482 solitum
1078 441 1254 495 prolixa
1275 443 1547 493 extenditur
1580 444 1647 485 ita

89 504 145 543 ut
175 513 330 543 mense
350 500 486 541 Mart.
517 499 597 540 nix
627 499 676 540 in
697 498 971 554 quibusdam
1001 498 1113 541 locis
1145 513 1225 554 per
1246 500 1287 541 V
1309 500 1404 542 dies
1436 514 1647 543 mensura

90 560 139 601 in
170 559 399 615 profundo
429 560 602 599 unuma
638 558 800 612 pedem
831 557 1001 599 habere
1031 553 1296 600 visereturb·
1308 554 1342 599 *.

816 669 918 716 894.

232 744 599 788 DCCCXCIIII.
641 744 827 786 Sonitus
843 744 1039 786 tonitrui
1055 745 1211 799 magni
1226 745 1455 801 increpuit
1468 746 1522 787 V.
1541 746 1645 788 Kal.

90 805 221 848 Febr.

231 863 337 918 Ipse
377 876 482 904 mox
519 862 569 903 in
608 861 774 903 itinere
821 861 996 916 positus
1041 862 1245 904 natalem
1285 863 1472 904 Domini
1519 866 1647 905 curte

87 922 214 976 regia
244 919 547 975 Eibflingae.1
586 920 776 971 mansit;
818 920 925 962 inde
968 933 1072 962 cum
1102 920 1405 963 Alamannico
1446 922 1648 964 exercitu

88 980 275 1022 Italiam
306 979 510 1020 intravit.
557 979 831 1033 Pergamum
853 979 1088 1021 civitatem
1101 980 1117 1004 2
1137 980 1336 1035 primum
1357 993 1461 1022 cum
1483 981 1647 1022 comite
1660 995 1754 1025 uam).

88 1038 298 1080 Widonis
320 1037 561 1080 Ambrosio
593 1037 680 1079 sibi
709 1037 929 1080 rebellem
961 1038 1115 1080 sentit.
1165 1037 1235 1080 Ob
1267 1040 1354 1080 hoc
1384 1052 1464 1081 rex
1494 1042 1647 1081 mente

89 1099 341 1139 commotus
372 1097 506 1138 iussit
528 1099 678 1138 castra
699 1097 923 1139 exercitus
954 1097 1051 1152 ipse
1076 1098 1347 1152 adequitans
1378 1098 1427 1139 in
1449 1098 1647 1140 ambitus

88 1169 227 1211 supra
255 1157 459 1197 montem
490 1169 633 1209 usque
671 1156 730 1197 ad
760 1169 942 1196 murum
973 1155 1173 1197 civitatis
1204 1157 1471 1211 promoveri.
1536 1156 1647 1198 Con-

89 1215 198 1256 serti
238 1217 347 1256 sunt
387 1215 509 1256 enim
548 1215 616 1256 ita
651 1216 996 1269 vesperascente
1035 1214 1128 1256 iam
1168 1215 1241 1256 die
1281 1217 1552 1270 pugnantes,
1593 1218 1648 1256 ut

89 1276 242 1316 cetera
281 1287 386 1328 pars
422 1273 570 1315 noctis
601 1286 684 1328 par
714 1273 1030 1315 obsidentibus
1062 1275 1108 1315 et
1139 1273 1331 1315 obsessis
1362 1273 1647 1328 vigilandum

88 1334 201 1375 erat.
272 1332 451 1374 Aurora
496 1332 763 1386 insurgente
801 1345 881 1374 rex
919 1331 1161 1374 missarum
1200 1332 1492 1374 solemnitate
1533 1346 1647 1374 com-

87 1390 216 1446 pleta
260 1390 421 1432 urbem
467 1391 526 1432 ad
573 1391 930 1445 expugnandum
976 1391 1226 1432 exercitum
1277 1403 1358 1446 per
1404 1391 1647 1432 circuitum

88 1446 374 1499 distribuit&
424 1449 522 1504 ipse
569 1462 705 1504 super
749 1449 966 1491 verticem
1012 1449 1181 1491 montis
1227 1450 1287 1491 ad
1333 1449 1648 1491 auxiliandum

88 1507 464 1563 aggredientibus
515 1521 698 1548 murum
751 1521 855 1549 cum
901 1507 1042 1562 signis
1091 1508 1345 1550 constabat.
1421 1507 1646 1549 Mirabilis

86 1567 216 1621 vigor
248 1566 389 1607 animi
419 1566 625 1620 utrisque
658 1566 795 1608 datur
827 1568 874 1608 et
905 1566 1220 1621 expugnandis
1253 1569 1299 1608 et
1332 1567 1646 1622 expugnatori-

87 1625 192 1675 bus;
226 1626 436 1680 utriquee
475 1625 524 1666 in
555 1625 652 1667 acie
683 1627 737 1666 ut
768 1638 924 1666 murus
955 1626 1076 1667 inter
1107 1638 1182 1667 eos
1215 1628 1480 1667 constanter
1508 1625 1645 1680 appli-

89 1684 180 1726 cati
219 1686 340 1726 sunt.
412 1684 471 1725 In
517 1684 662 1739 primo
711 1684 834 1726 enim
878 1684 1054 1739 impetu
1099 1697 1282 1739 pugnae
1321 1684 1429 1726 talis
1470 1684 1646 1726 sonitus

85 1743 352 1785 ferientium
391 1756 472 1798 per
512 1745 643 1784 scuta
681 1742 888 1798 lapidum
920 1743 1057 1784 datur
1087 1743 1260 1792 sentiri,
1302 1745 1355 1784 ut
1386 1742 1645 1784 hominibus

88 1804 238 1844 castra
266 1802 387 1856 regis
415 1801 715 1852 servantibus,
750 1814 866 1856 quae
886 1801 1011 1843 ultra
1031 1815 1175 1842 unum
1196 1777 1443 1843 miliarium
1464 1796 1642 1856 positas

88 1863 232 1911 erant,
273 1861 532 1902 tonitruum
572 1860 876 1902 simulabatur
913 1861 1092 1910 audire;
1133 1860 1341 1902 maximis
1383 1874 1486 1902 cum
1526 1859 1646 1901 labo·

86 1919 213 1961 ribus
254 1919 470 1974 palatinis
510 1918 765 1960 militibus-‘³
796 1932 949 1960 coram
987 1932 1094 1973 rege
1136 1919 1419 1961 certantibus
1457 1919 1646 1960 tandem

89 1979 149 2020 ad
179 1992 360 2019 murum
391 1990 534 2032 usque
565 1980 837 2032 perventum
869 1980 952 2019 est.
1005 1977 1147 2019 Scuta
1167 1991 1302 2032 super
1323 1991 1370 2019 se
1391 1978 1440 2018 in
1459 1978 1646 2019 modum

87 2037 201 2078 tecti
223 2037 451 2078 conducta
478 2036 741 2087 sustollunt,
774 2050 955 2077 murum
987 2036 1242 2090 antiquitus
1273 2036 1521 2078 fundatum
1553 2049 1646 2091 per·

87 2096 246 2138 fodere
286 2097 530 2150 temptant,
572 2097 626 2137 ut
660 2095 853 2150 desuper
883 2095 1035 2137 miseri
1065 2095 1230 2136 urbani
1262 2095 1492 2150 lapidibus
1525 2095 1647 2136 dolia

88 2154 226 2209 plena
246 2155 475 2196 incassum
496 2154 834 2204 submittentes,
867 2153 1039 2196 lanceis
1061 2154 1324 2209 periactatis
1351 2154 1411 2195 ad
1431 2153 1647 2194 ultimum

89 2213 436 2268 propugnacula
466 2226 700 2254 murorum
732 2215 950 2255 conantes
982 2225 1117 2268 super
1148 2225 1224 2255 eos
1256 2212 1480 2268 proicere;
1522 2212 1646 2253 omni

87 2272 192 2314 nisu
231 2271 433 2327 impulsu
472 2274 709 2326 pectorum
747 2272 974 2313 instantes
1006 2271 1095 2314 Dei
1134 2273 1253 2313 nutu
1293 2285 1474 2312 murum
1504 2283 1646 2325 usque

89 2331 148 2372 ad
187 2330 541 2373 fundamentum
581 2330 759 2386 prolabi
797 2330 1022 2372 fecerunt.
1085 2330 1161 2372 Fit
1202 2344 1229 2372 a
1266 2329 1435 2385 populo
1477 2330 1648 2371 clamor

87 2389 353 2440 forinsecus,
387 2389 671 2444 perturbatio
694 2403 798 2431 cum
817 2389 932 2444 fuga
962 2389 1257 2440 intrinsecus;
1292 2402 1346 2431 ex
1367 2388 1490 2430 omni
1518 2390 1646 2443 parte

244 2514 279 2559 *)
302 2516 372 2549 Hic
395 2515 512 2549 scriba
531 2515 738 2550 Altahensis
761 2520 876 2569 (man,
896 2517 1026 2560 prim.)
1051 2516 1090 2549 in
1116 2516 1278 2558 marqine
1301 2515 1428 2549 codicis
1452 2516 1474 2550 3
1499 2514 1645 2548 adiecit:

301 2561 394 2596 Inde
418 2573 485 2607 per
508 2561 748 2597 Baiowariam
781 2562 940 2597 maxima
972 2562 1125 2607 penuria
1148 2562 1224 2597 vini
1248 2561 1354 2606 facta
1390 2571 1474 2596 oves
1500 2563 1537 2595 et
1561 2570 1645 2605 apes

302 2608 475 2653 perditae.

90 2727 119 2757 a)
138 2733 198 2752 uno
217 2726 242 2754 3.
296 2726 327 2757 b)
347 2726 462 2752 visetur
481 2727 506 2754 3.
561 2726 589 2760 c)
607 2726 670 2759 regi
690 2733 708 2752 a.
727 2726 919 2759 eibilingaco
1054 2733 1110 2754 «1.oe
1125 2726 1199 2768 XII:
1219 2726 1301 2758 raegi
1320 2733 1366 2751 we
1350 2725 1430 2753 eibil.
1449 2725 1474 2753 3.
1533 2723 1564 2756 d)
1578 2732 1620 2757 po
1604 2727 1646 2751 ost

90 2761 143 2786 hoc
161 2762 328 2787 vocabulum
348 2762 378 2787 in
396 2762 490 2787 codice
507 2762 524 2787 3
542 2764 660 2794 quaeluo
662 2763 730 2793 ros
713 2762 774 2787 olda
792 2762 957 2787 acciderunt
975 2769 1012 2787 no
996 2762 1045 2787 ont
1063 2764 1146 2794 quaet
1132 2769 1212 2787 erno
1215 2763 1260 2786 κίε
1278 2762 1400 2786 interior
1430 2767 1498 2793 ·,ea
1518 2767 1590 2793 quae

90 2797 199 2829 desunt,
219 2804 233 2822 e
251 2797 394 2822 codicibus
411 2798 471 2825 3c.e
489 2798 621 2829 suppleta
639 2804 692 2822 sun
693 2799 713 2824 t.
785 2799 812 2828 e)
832 2800 959 2830 uterque
978 2798 1018 2825 30.
1090 2798 1114 2828 s)
1132 2805 1170 2830 po
1172 2797 1281 2834 scite
1249 2797 1288 2824 Se.

93 2902 127 2945 1)
153 2902 312 2946 Aiblbnq.
393 2903 429 2947 2)
452 2903 651 2946 Beryamoe
675 2903 721 2944 cf.
738 2903 925 2936 Dammler
941 2902 1013 2945 III,
1036 2913 1074 2947 p.
1092 2903 1163 2938 374
1179 2913 1229 2946 sq,
1325 2901 1361 2945 3)
1384 2901 1415 2938 Ι.
1431 2911 1459 2938 e.
1484 2901 1647 2935 satelliti-

92 2949 155 2983 bus
178 2951 293 2992 νομάς,-
321 2950 363 2983 de
386 2950 513 2994 quibus
536 2951 582 2992 cf.
608 2950 733 2993 Waitz,
763 2949 916 2992 ‘Verfq.'
940 2949 1012 2993 HI,
1038 2961 1074 2994 p.
1100 2951 1170 2986 546
1195 2960 1257 2993 δᾳ,
1285 2949 1352 2992 IV,
1376 2960 1413 2994 p.
1440 2950 1521 2984 610.
