2020 3358
577 312 777 349 CONTIN.
801 311 1070 350 RATISBON.
1118 314 1165 348 A.
1190 316 1272 351 896.
1641 318 1709 352 129

150 437 340 478 tandem
371 435 457 483 die,
489 435 731 488 postquam
751 435 951 482 venerat,
986 432 1043 474 ab
1074 433 1188 474 urbe
1220 434 1449 488 digressus
1481 438 1562 485 est,
1596 450 1841 484 com-(nm).

151 498 284 550 perta
329 493 524 547 denique
570 491 830 546 Agildruda
880 491 930 532 in
976 491 1163 533 civitate
1210 491 1460 546 Spoletana
1510 508 1707 545 morare;

152 566 289 607 quam
320 552 379 594 ad
410 551 766 606 expugnandum
804 563 910 591 mox
948 549 1037 591 iter
1074 550 1279 604 arripuit.
1343 550 1432 593 Sed
1464 555 1710 607 antequam

153 613 211 654 ad
242 611 394 653 locum
425 610 707 652 destinatum
737 608 1029 663 pervenisset,
1071 609 1199 662 gravi
1238 609 1506 652 infirmitate
1548 612 1709 666 capitis

152 671 367 713 detentus
413 668 719 723 inperfectum
764 666 952 720 reliquit
993 669 1039 708 et
1079 680 1183 708 cum
1229 668 1353 709 omni
1398 668 1707 720 festinatione,

150 728 341 784 parvulo
373 727 468 769 filio
500 740 582 768 suo
612 725 795 768 nomine
825 725 1000 774 Ratolt,
1036 726 1115 780 qui
1146 726 1188 768 ei
1219 727 1276 768 de
1309 727 1565 769 concubina
1596 731 1706 778 erat,

151 788 210 829 ad
250 787 387 828 fidem
418 785 582 827 Italice
622 785 773 839 gentis
813 784 1146 826 Mediolanium
1185 785 1382 835 dimisso,
1423 799 1504 841 per
1541 786 1709 829 vallem

149 845 466 887 Tridentinam
495 856 651 885 mense
677 843 834 884 Madio
866 843 915 884 in
946 842 1206 885 Baioariam
1235 856 1442 886 reversus
1474 848 1556 887 est.
1620 845 1709 888 Sed
1724 861 1792 888 Mai.

148 918 242 945 non
274 903 420 944 multo
452 904 555 958 post
587 901 725 944 etiam
756 901 878 943 filius
911 902 1020 952 eius,
1055 915 1191 956 quem
1217 902 1266 943 in
1288 903 1429 945 Italia
1450 904 1707 958 dereliquit,

148 975 229 1017 per
260 962 413 1003 lacum
436 961 751 1003 Oumensema·
766 960 781 984 ¹
813 961 872 1002 ad
893 973 998 1002 eum
1025 974 1231 1003 reversus
1254 963 1336 1003 est.
1384 962 1495 1003 Post
1515 965 1709 1004 mortem

149 1021 321 1063 etenim
337 1019 588 1062 Waltfredi
610 1019 833 1061 Foroiulii
864 1020 1158 1068 marahensis,
1191 1020 1269 1074 qui
1290 1020 1490 1062 multum
1511 1021 1709 1063 fideliter

149 1080 208 1121 ad
237 1080 559 1134 imperatorem
591 1078 819 1120 Veronam
850 1079 1168 1120 contendendo
1198 1079 1403 1128 retinuit,
1437 1079 1543 1122 ilico
1575 1080 1708 1122 Pern-

148 1139 302 1192 garius
322 1151 517 1192 regnum
538 1137 757 1179 Italicum
778 1137 946 1178 invasit
979 1140 1025 1179 et
1055 1151 1199 1191 usque
1222 1138 1280 1179 ad
1301 1137 1473 1180 flumen
1494 1139 1708 1181 Adduam

148 1198 279 1251 quasi
319 1197 598 1238 hereditario
638 1197 736 1238 iure
777 1198 938 1238 contra
967 1196 1274 1238 Lantbertum
1313 1197 1362 1237 in
1401 1197 1707 1252 participatio-

147 1269 253 1298 nem
297 1255 484 1310 recepit.
555 1254 873 1309 Maginfredus
921 1268 1069 1296 comes
1108 1255 1464 1297 Mediolanensis
1506 1269 1533 1297 a
1573 1256 1707 1297 Lant-

148 1317 278 1370 perto
311 1314 405 1356 filio
434 1314 644 1355 Widonis
677 1314 865 1368 capitali
896 1314 1127 1356 sententia
1157 1313 1429 1356 interfectus
1461 1317 1551 1364 est;
1585 1314 1707 1356 filius

148 1374 244 1415 eius
277 1376 414 1427 atque
446 1386 586 1427 gener
617 1372 854 1414 oculorum
884 1372 1059 1414 lumine
1090 1372 1242 1414 orbati
1272 1375 1394 1414 sunt.

289 1432 354 1472 At
391 1432 540 1473 Roma
579 1431 822 1473 Formosus
867 1445 987 1486 papa
1033 1431 1279 1473 defunctus
1320 1434 1390 1473 est
1436 1432 1509 1473 die
1549 1434 1707 1474 sancto
1723 1447 1829 1479 Apr.4.

147 1491 336 1545 pasche;
378 1490 428 1530 in
466 1490 595 1531 cuius
626 1489 779 1531 locum
811 1492 1102 1532 consecratur
1133 1490 1414 1540 Bonifacius,
1456 1491 1532 1544 qm·
1574 1491 1707 1545 poda-

147 1549 271 1603 grico
311 1549 469 1590 morbo
511 1551 746 1603 correptus
785 1549 861 1590 vix
904 1545 1002 1602 [XV
1034 1543 1173 1601 dies]b
1210 1549 1510 1603 supervixisse
1545 1550 1707 1604 reperi-

145 1611 236 1648 tur.
305 1607 363 1648 111
404 1608 532 1648 cuius
572 1608 727 1649 sedem
770 1607 987 1649 successit
1026 1607 1303 1662 apostolicus
1342 1605 1567 1662 n[omine⁰
1613 1608 1706 1650 Ste-

146 1667 344 1721 phanus,
386 1667 456 1707 vir
494 1666 620 1707 fama
665 1665 979 1716 infamandus,
1028 1666 1135 1720 qui2
1181 1668 1513 1708 antecessorem
1559 1681 1703 1711 suum.

146 1725 413 1766 Formosum
443 1725 672 1773 videlicet,
714 1725 924 1766 inaudito
965 1738 1090 1766 more
1131 1725 1187 1767 de
1228 1725 1470 1779 sepulchro
1510 1726 1706 1767 eiectum
1720 1742 1791 1774 (89⁷.
1803 1742 1887 1773 im).

145 1786 192 1826 et
223 1797 303 1839 per
334 1785 608 1826 advocatum
649 1797 758 1825 suae
797 1784 1103 1838 responsionis
1136 1784 1394 1838 depositum
1424 1784 1547 1826 foras
1579 1786 1707 1826 extra

145 1843 334 1884 solitum
365 1843 628 1898 sepulturae
661 1842 924 1897 apostolicis
956 1842 1109 1884 locum
1140 1842 1323 1897 sepeliri
1354 1839 1584 1898 precepit]

287 1901 453 1943 Pacem
485 1915 592 1955 ergo
626 1900 761 1943 Greci
801 1902 961 1943 eodem
999 1901 1150 1942 anno3
1182 1914 1285 1942 cum
1316 1901 1492 1949 Avaris,
1534 1902 1613 1955 qui
1645 1903 1706 1943 di-

145 1963 313 2002 cuntur
334 1961 523 2014 Ungari,
556 1960 802 2009 facientes;
836 1960 959 2014 quod
990 1973 1147 2001 eorum
1174 1960 1381 2002 concives
1403 1957 1622 2014 Bulgari‘¹
1657 1961 1706 2002 in

144 2033 334 2074 pravum
365 2021 596 2060 vertentes
629 2018 788 2060 hostili
820 2019 1109 2074 expeditione
1150 2021 1310 2060 contra
1347 2031 1422 2061 eos
1459 2020 1706 2074 insurgunt

145 2080 191 2119 et
223 2091 405 2119 omnem
435 2078 667 2131 regionem
699 2077 884 2118 illorum
915 2091 1058 2131 usque
1089 2079 1269 2132 portam
1292 2077 1704 2132 Constantinopoli-

143 2139 302 2178 tanam
334 2137 615 2178 devastando
647 2136 929 2178 insecuntur.
978 2135 1111 2187 Quod
1143 2136 1203 2178 ad
1232 2136 1548 2178 ulciscendum
1570 2135 1705 2178 Greci

144 2195 322 2236 astucia
352 2209 434 2236 sua
465 2208 603 2237 naves
635 2195 820 2242 illorum
852 2197 1013 2236 contra
1034 2195 1207 2236 Avaros
1238 2195 1433 2236 mittunt
1465 2208 1517 2236 ac
1550 2208 1624 2237 eos
1656 2196 1705 2236 in

142 2267 336 2308 regnum
382 2254 688 2308 Bulgarorum
739 2253 864 2295 ultra
910 2253 1175 2295 Danuvium
1226 2256 1547 2309 transponunt.
1625 2254 1704 2295 Illi

142 2313 410 2368 transpositi
450 2326 591 2354 manu
633 2326 736 2354 cum
766 2312 921 2354 valida
959 2314 1144 2367 gentem
1176 2311 1482 2366 Bulgarorum
1512 2313 1704 2366 ingressi

143 2372 388 2413 maximam
409 2374 586 2426 partem
609 2372 811 2413 cedendo
833 2371 960 2413 necie
987 2371 1293 2413 tradiderunt.
1342 2371 1443 2412 Hoc
1466 2372 1704 2413 audientes

143 2431 281 2485 positi
311 2431 360 2471 in
383 2430 677 2485 expedicione
699 2430 891 2484 Bulgari
913 2443 1017 2471 cum
1039 2430 1163 2471 omni
1187 2430 1485 2471 festinatione
1507 2430 1703 2484 patriam

145 2489 397 2531 deliberare
420 2489 477 2530 ab
495 2489 664 2530 infesto
686 2489 809 2530 hosti
829 2491 1073 2531 recurrunt
1090 2491 1386 2542 consertoque
1408 2488 1514 2529 ilico
1531 2488 1703 2543 proelio

144 2606 172 2634 a)
193 2610 331 2628 cumense
351 2603 375 2630 3.
448 2603 479 2633 b)
499 2603 551 2627 XV
571 2601 635 2627 dies
656 2603 685 2626 in
703 2604 798 2634 spano
819 2606 903 2627 antea
924 2603 1022 2627 relicto
1042 2603 1139 2628 eadem
1160 2610 1247 2627 manu
1261 2603 1445 2633 postmodum
1466 2603 1573 2633 xer-'pta
1592 2604 1657 2626 sunt
1678 2602 1703 2627 3.

144 2639 348 2704 ‡·1))01n¹incri--{3
365 2638 639 2706 preegpiltete'inaumt
664 2638 741 2662 linea
766 2645 856 2662 vacua
880 2641 905 2663 et
927 2638 1030 2663 dextro
1050 2639 1180 2668 maryine
1199 2645 1286 2662 manu
1300 2638 1454 2668 primitiva
1475 2637 1575 2661 :aldim
1593 2640 1658 2661 suut
1677 2639 1703 2665 3.

195 2682 234 2706 pu
247 2682 283 2705 ga
350 2694 357 2701 .
579 2694 585 2700 .

145 2756 180 2799 1)
203 2756 304 2798 Laqo
328 2756 368 2788 di
393 2756 506 2790 Como.
603 2755 639 2797 2)
663 2755 708 2787 In
733 2755 864 2797 synodo
891 2755 992 2788 initio
1016 2765 1049 2790 a.
1068 2755 1149 2790 897.
1175 2754 1320 2794 habita,·
1344 2755 1389 2796 cf,
1415 2754 1601 2787 Dilmmler
1626 2754 1698 2796 HJ,

140 2815 177 2847 p.
203 2805 272 2838 426
298 2814 348 2846 sq.
469 2802 504 2845 3)
528 2802 596 2843 Ea,
628 2812 715 2845 quae
740 2802 797 2834 hic
821 2802 862 2834 de
884 2803 1017 2845 pugnis
1041 2803 1134 2834 inter
1165 2801 1326 2844 Unqaros
1349 2805 1380 2834 et
1406 2801 1587 2843 Bulyaros
1610 2811 1700 2834 com-

144 2851 263 2884 missis
286 2854 502 2892 narrantur,
538 2850 682 2882 minime
706 2847 835 2883 eodem
862 2858 967 2891 anno,
999 2849 1058 2881 secl
1083 2849 1176 2881 inter
1200 2859 1312 2881 annos
1335 2848 1416 2883 893.
1442 2852 1472 2881 et
1497 2849 1577 2883 896.
1603 2848 1699 2889 facta

143 2902 247 2937 sum,-
281 2898 430 2930 nuntius
463 2901 602 2929 tantum
636 2896 777 2929 uberim·
808 2906 842 2930 a.
869 2897 950 2930 896.
984 2896 1120 2927 demum
1142 2906 1209 2939 per
1233 2895 1416 2928 Lazarum
1441 2896 1636 2938 episcopum
1662 2896 1700 2927 in

145 2944 379 2977 Baessovartam
406 2944 543 2977 videtur
567 2943 703 2976 allatus
727 2953 807 2978 esse.
858 2942 912 2984 Cf.
938 2942 1124 2975 De'lmmler
1148 2942 1221 2984 III,
1245 2954 1281 2985 p.
1307 2943 1507 2977 443—445.
1531 2943 1612 2977 451.

1395 3013 1417 3047 9
