2020 3358
361 299 408 334 64
729 296 848 332 ANN.
874 296 1020 334 FULD.
1047 296 1179 334 PARS
1203 297 1276 334 111.
1299 296 1551 342 (MOGONT.)

361 418 458 460 eius
490 430 668 459 necnon
690 417 1002 460 Hludharium
1029 431 1102 460 ne-

361 478 516 531 potem
577 489 733 518 eorum
794 477 1104 518 renovandam

361 537 499 589 atque
536 535 904 583 constituendam
940 535 1103 576 missus

250 607 348 639 (lum).
361 595 431 636 est
459 593 508 635 in
530 593 816 635 Franciama.
864 591 953 644 Qm·
982 593 1104 647 apud

358 651 517 694 villam
542 652 714 706 regiam
741 650 1104 693 Franconofurt1

360 724 388 752 a
416 710 688 752 Hludowico
718 722 825 764 rege
857 709 1103 751 honorifice

360 770 596 823 susceptus
634 770 682 810 et
711 767 975 810 muneribus
1014 781 1103 809 ma-

359 827 536 882 gnificis
582 827 833 868 honoratus
878 826 1103 868 condicto-

359 897 446 940 que
507 885 628 927 inter
679 898 754 927 eos
815 884 985 939 placito
1047 885 1103 927 de

359 944 622 999 supradicta
648 944 949 986 conventione
981 944 1103 998 apud

210 1015 345 1048 mnes).
358 997 686 1057 Agrippinamb
740 1001 976 1044 Coloniam
1027 1002 1103 1043 ha-

359 1060 534 1102 bendo⁰
581 1061 640 1102 ad
679 1059 904 1101 Karolum
948 1073 1103 1114 regem

357 1119 407 1159 in
454 1115 683 1160 Gralliam‘¹
732 1118 883 1173 pergit
894 1119 922 1158 ².
997 1118 1102 1159 Illic

358 1190 536 1231 quoque
552 1177 742 1218 mirifice
764 1190 791 1217 a
805 1189 912 1230 rege
929 1175 1102 1230 suscep-

356 1238 433 1277 tus
453 1235 774 1289 regalibusque
806 1235 937 1276 donis
968 1234 1103 1276 subli-

357 1296 507 1336 matus
529 1296 714 1348 propter
730 1293 992 1335 condictum
1011 1292 1102 1348 pla-

248 1367 345 1399 (Ocn).
360 1353 501 1394 eitum
539 1353 858 1407 Agrippinam,
900 1354 954 1393 ut
995 1351 1102 1393 dixi-

357 1425 471 1462 mus,
506 1411 743 1452 Coloniam
782 1411 910 1452 venit
948 1410 1102 1464 ibique

357 1469 539 1511 obviam
576 1469 618 1511 ei
650 1470 740 1511 duo
776 1469 956 1519 fratres,
989 1468 1102 1510 Hlu-

358 1528 556 1570 dowicus
572 1528 787 1569 videlicet
809 1530 945 1581 atque
962 1527 1102 1568 Karo-

357 1587 442 1637 lus,
485 1586 672 1628 absente
703 1586 991 1627 Hludhari0⁰
1028 1599 1101 1628 ne—

357 1647 465 1700 pote
516 1658 672 1687 eorum
729 1645 788 1686 ad
839 1645 1100 1686 condictum

357 1704 580 1759 placitum
602 1705 912 1745 convenerunt
925 1703 960 1753 3;
989 1703 1101 1744 mul-

356 1763 507 1816 tisque
566 1762 738 1803 ibidem
788 1762 934 1803 causis
984 1762 1100 1804 bene

358 1821 589 1876 dispositis
630 1834 733 1862 cum
772 1833 883 1875 pace
918 1821 1101 1862 reverti-

356 1881 435 1920 tur
463 1879 669 1920 Romam.

1175 419 1362 460 veniens
1399 418 1521 472 apud
1552 418 1886 459 Franeonofurt
1900 417 1916 443 ²

1176 490 1204 518 a
1228 476 1498 518 Hludowico
1528 489 1635 530 rege
1667 477 1920 519 honorifice

1176 537 1411 590 susceptus
1456 537 1545 584 est;
1594 548 1622 576 a
1661 548 1749 588 quo
1791 534 1915 576 abso-

1176 593 1302 634 lutus
1347 593 1397 634 in
1443 591 1643 635 Galliam
1688 593 1918 648 perrexit²

1176 653 1224 693 et
1253 647 1615 706 Theotpergamf
1651 652 1857 705 reginam
1887 665 1917 693 a

1175 709 1453 751 Hlothariog
1478 709 1652 750 dudum
1668 710 1913 760 dimissam,

1175 768 1295 809 sicut
1326 768 1368 810 ei
1392 767 1449 809 ab
1472 767 1721 822 apostolico
1742 768 1915 810 iniunc-

1174 828 1276 868 tum
1305 826 1471 876 fuerat,
1508 826 1656 868 eidem
1686 821 1816 880 regib
1851 839 1917 868 re-

1176 885 1371 927 stituens
1402 880 1713 926 Waldratami
1756 898 1915 926 concu-

1175 943 1330 985 binam
1351 939 1504 984 illiusk
1530 944 1577 984 in
1601 943 1787 984 Italiam
1809 943 1915 984 duci

1174 1002 1407 1057 praecepit
1438 1004 1496 1052 et,
1528 1004 1583 1043 ut
1609 1001 1913 1043 Hlothariusss’

1175 1060 1512 1115 Theotpergam
1533 1061 1917 1114 quemadmodum

1174 1131 1254 1160 rex
1283 1118 1488 1172 legitime
1515 1118 1602 1160 sibi
1623 1118 1917 1160 coniunctam

1177 1177 1388 1231 deinceps
1433 1178 1656 1218 tractaret
1694 1177 1917 1230 reginam,

1176 1235 1416 1276 duodecim
1491 1248 1546 1276 ex
1616 1234 1915 1289 optimatibus

1176 1289 1440 1347 (Hlotharii)
1491 1290 1705 1347 [eiusdem
1746 1289 1906 1347 regis]¹

1174 1353 1432 1394 iuramento
1502 1352 1682 1394 firmare
1750 1352 1914 1405 coegit.

1175 1410 1354 1453 Deinde
1411 1411 1460 1451 in
1509 1424 1702 1464 regnum
1752 1410 1916 1452 Karoli

1175 1469 1406 1524 profectus
1419 1469 1435 1493 4
1451 1469 1698 1523 multisque
1714 1468 1791 1519 ibi,
1810 1482 1916 1522 quo·

1173 1542 1276 1568 rum
1336 1528 1485 1582 gratia
1545 1527 1656 1569 illuc
1712 1528 1913 1577 venerat,

1174 1586 1290 1628 bene
1338 1586 1567 1641 dispositis
1612 1586 1805 1627 Romam
1850 1598 1917 1627 re-

1173 1658 1327 1687 versus
1360 1648 1444 1687 est.

1084 1991 1185 2038 866.

500 2061 858 2108 DCCCLXVLh
909 2066 1207 2107 Hludowicus
1228 2066 1489 2107 Hludowici
1519 2066 1638 2119 regis
1670 2065 1791 2107 filius
1817 2078 1914 2119 gra-

357 2125 476 2166 viter
514 2124 685 2175 ferens,
728 2125 850 2178 quod
888 2138 968 2166 rex
1007 2126 1230 2178 quaedam
1270 2124 1491 2166 beneficia
1529 2124 1599 2165 illi
1639 2124 1913 2166 subtrahens

361 2183 674 2225 Carlmannom
714 2183 848 2224 fratri
888 2197 969 2224 suo
1009 2183 1229 2234 reddidit,
1278 2183 1398 2237 patri
1439 2183 1657 2224 molestus
1698 2182 1910 2224 efficitur.

357 2241 478 2283 Nam
508 2241 683 2282 nuntiis
714 2255 795 2296 per
825 2242 1081 2283 universam
1104 2241 1429 2295 'I'huringiamn
1466 2244 1512 2282 et
1539 2240 1781 2282 Saxoniam
1811 2241 1912 2282 mis-

359 2300 431 2350 sis,
474 2303 806 2354 quoscumque⁰
844 2300 1008 2354 potuit,
1050 2300 1108 2341 ad
1146 2313 1193 2341 se
1223 2300 1364 2341 traxit
1397 2302 1443 2341 et
1475 2302 1634 2340 contra
1664 2311 1818 2354 regem
1848 2311 1912 2340 re-

359 2358 531 2400 bellare
563 2358 807 2412 disposuit;
841 2358 1183 2400 Werinharium
1214 2371 1404 2412 quoque,
1438 2357 1638 2399 Utonem
1670 2359 1717 2399 et
1748 2357 1915 2399 Beren-

1048 2495 1076 2528 c)
1100 2495 1239 2521 habituro
1258 2496 1283 2522 3.
1378 2493 1409 2528 d)
1433 2495 1539 2526 galiam
1559 2495 1583 2521 3.
1678 2496 1706 2525 e)
1729 2493 1866 2520 lucum-io
1886 2494 1913 2522 3,

967 2531 998 2562 h)
1017 2531 1091 2555 deest
1110 2531 1134 2558 3.
1188 2531 1210 2561 i)
1223 2529 1399 2555 vuldradam
1418 2530 1450 2561 2;
1471 2528 1665 2555 uualdradam
1679 2530 1703 2556 3.
1759 2529 1790 2559 k)
1809 2530 1872 2555 eius
1885 2530 1914 2558 3,

1014 2568 1054 2597 m)
1072 2566 1176 2593 karlm.
1195 2567 1220 2593 3.
1293 2568 1323 2596 n)
1345 2566 1514 2597 thuringam
1533 2566 1557 2592 3.
1629 2567 1658 2595 o)
1678 2571 1811 2597 quosque
1830 2565 1855 2591 3.

359 2496 388 2525 a)
408 2495 547 2521 frantiam
567 2495 591 2523 3.
686 2495 717 2526 b)
741 2495 906 2527 agripinam
927 2496 951 2523 3.

360 2531 383 2560 f)
402 2530 601 2562 theotpirgam
614 2531 640 2558 2.
694 2532 724 2562 g)
737 2529 874 2558 hludhar.
887 2531 912 2559 3.

359 2565 380 2596 1)
401 2566 543 2591 hlotharii
562 2567 593 2599 13
623 2564 756 2592 eiusdem
776 2566 853 2598 regis
873 2566 899 2593 2.
917 2566 942 2593 3.

361 2682 395 2724 1)
425 2683 492 2715 Ubi
514 2693 579 2716 νεα·
599 2683 711 2726 paulo
735 2687 839 2716 antea
864 2684 1027 2725 futuram
1052 2684 1155 2725 requi
1177 2684 1237 2717 sui
1258 2685 1352 2716 inter
1374 2683 1469 2725 filios
1484 2683 1686 2716 divisionem
1711 2685 1913 2715 testanaento

359 2730 607 2770 constituerat,·
640 2731 685 2772 cf.
711 2730 898 2764 Dilmmler
922 2730 973 2772 II,
997 2741 1034 2774 p.
1059 2732 1127 2766 119
1152 2734 1183 2763 et
1208 2731 1311 2771 infra
1341 2741 1375 2765 a.
1400 2731 1482 2765 871.
1600 2729 1636 2771 2)
1666 2728 1761 2761 Unde
1790 2728 1911 2761 Theot-

356 2786 505 2819 perqam
530 2778 690 2819 reyinam
714 2778 890 2810 Attiniaci
912 2788 935 2810 a
959 2777 1099 2811 Karolo
1122 2781 1295 2821 acceptam
1320 2778 1359 2810 in
1382 2787 1529 2819 regnum
1553 2775 1723 2808 Lotharii
1746 2775 1911 2815 reduxit,-

360 2822 546 2856 Daemeler
570 2823 622 2865 II,
646 2835 683 2867 p.
702 2825 899 2859 131—134.
1019 2823 1055 2867 3)
1082 2824 1216 2866 Requm
1240 2827 1421 2857 conventus
1448 2833 1560 2856 mense
1586 2821 1724 2855 Octobri
1748 2821 1914 2855 Coloniae

360 2869 477 2910 factus
509 2874 580 2908 est‚·
613 2881 698 2902 num
723 2872 898 2904 Arsenius
926 2881 1058 2914 quoque
1081 2881 1117 2904 eo
1141 2872 1281 2912 venerit,
1313 2870 1499 2903 Dammler
1523 2869 1574 2910 II,
1597 2880 1635 2912 p.
1661 2869 1729 2903 135
1760 2868 1913 2903 dubitat.

358 2915 396 2958 4)
419 2915 536 2949 Mense
560 2917 720 2958 Anyusto
744 2919 871 2950 iterum
896 2919 1115 2950 Attiniacum
1140 2919 1250 2957 venit,·
1275 2917 1460 2950 Dt’lmmler
1483 2915 1535 2958 H,
1557 2927 1596 2959 p.
1618 2916 1696 2951 134.
