<?xml version="1.0" encoding="UTF-8"?>
<!DOCTYPE html PUBLIC "-//W3C//DTD XHTML 1.0 Transitional//EN"
    "http://www.w3.org/TR/xhtml1/DTD/xhtml1-transitional.dtd">
<html xmlns="http://www.w3.org/1999/xhtml" xml:lang="en" lang="en">
 <head>
  <title>
</title>
<meta http-equiv="Content-Type" content="text/html;charset=utf-8" />
  <meta name='ocr-system' content='tesseract 3.04.00' />
  <meta name='ocr-capabilities' content='ocr_page ocr_carea ocr_par ocr_line ocrx_word'/>
</head>
<body>
  <div class='ocr_page' id='page_1' title='image "./annalesfuldenses00einhuoft_0091.png"; bbox 0 0 2020 3358; ppageno 0'>
   <div class='ocr_carea' id='block_1_1' title="bbox 483 297 1693 346">
    <p class='ocr_par' dir='ltr' id='par_1_1' title="bbox 483 297 1693 346">
     <span class='ocr_line' id='line_1_1' title="bbox 483 297 1693 346; baseline 0.006 -12"><span class='ocrx_word' id='word_1_1' title='bbox 483 299 736 346; x_wconf 83' lang='lat' dir='ltr'><strong>(AUCTORE</strong></span> <span class='ocrx_word' id='word_1_2' title='bbox 761 297 1132 342; x_wconf 79' lang='lat' dir='ltr'><strong>MEGINHARDO).</strong></span> <span class='ocrx_word' id='word_1_3' title='bbox 1181 300 1227 337; x_wconf 88' lang='lat' dir='ltr'><strong>A.</strong></span> <span class='ocrx_word' id='word_1_4' title='bbox 1252 303 1334 338; x_wconf 87' lang='lat'>869.</span> <span class='ocrx_word' id='word_1_5' title='bbox 1646 306 1693 341; x_wconf 88' lang='lat'><strong>69</strong></span> 
     </span>
    </p>
   </div>
   <div class='ocr_carea' id='block_1_2' title="bbox 124 420 1693 2061">
    <p class='ocr_par' dir='ltr' id='par_1_2' title="bbox 128 420 1693 1355">
     <span class='ocr_line' id='line_1_2' title="bbox 131 420 1692 476; baseline 0 -11"><span class='ocrx_word' id='word_1_6' title='bbox 131 422 352 465; x_wconf 86' lang='lat' dir='ltr'><strong>exercitui</strong></span> <span class='ocrx_word' id='word_1_7' title='bbox 390 420 612 476; x_wconf 83' lang='lat' dir='ltr'><strong>praefecit</strong></span> <span class='ocrx_word' id='word_1_8' title='bbox 643 420 842 462; x_wconf 88' lang='lat' dir='ltr'><strong>Domino</strong></span> <span class='ocrx_word' id='word_1_9' title='bbox 883 420 1057 462; x_wconf 85' lang='lat' dir='ltr'><strong>exitum</strong></span> <span class='ocrx_word' id='word_1_10' title='bbox 1095 420 1162 461; x_wconf 90' lang='lat' dir='ltr'><strong>rei</strong></span> <span class='ocrx_word' id='word_1_11' title='bbox 1203 422 1538 464; x_wconf 87' lang='lat' dir='ltr'><strong>commendans.</strong></span> <span class='ocrx_word' id='word_1_12' title='bbox 1602 423 1692 475; x_wconf 81' lang='lat' dir='ltr'><strong>Qui</strong></span> 
     </span>
     <span class='ocr_line' id='line_1_3' title="bbox 131 477 1686 523; baseline 0 0"><span class='ocrx_word' id='word_1_13' title='bbox 131 484 263 523; x_wconf 66' lang='lat' dir='ltr'><strong>cuma</strong></span> <span class='ocrx_word' id='word_1_14' title='bbox 300 480 502 523; x_wconf 83' lang='lat' dir='ltr'><strong>exercitu</strong></span> <span class='ocrx_word' id='word_1_15' title='bbox 533 479 621 521; x_wconf 91' lang='lat' dir='ltr'><strong>sibi</strong></span> <span class='ocrx_word' id='word_1_16' title='bbox 652 479 888 520; x_wconf 89' lang='lat' dir='ltr'><strong>commisso</strong></span> <span class='ocrx_word' id='word_1_17' title='bbox 926 479 975 519; x_wconf 91' lang='lat' dir='ltr'><strong>in</strong></span> <span class='ocrx_word' id='word_1_18' title='bbox 1005 477 1136 520; x_wconf 89' lang='lat' dir='ltr'><strong>illam</strong></span> <span class='ocrx_word' id='word_1_19' title='bbox 1172 478 1455 520; x_wconf 86' lang='lat' dir='ltr'><strong>ineffabilem</strong></span> <span class='ocrx_word' id='word_1_20' title='bbox 1486 478 1686 523; x_wconf 72' lang='lat' dir='ltr'><strong>Rastizib</strong></span> 
     </span>
     <span class='ocr_line' id='line_1_4' title="bbox 130 537 1690 591; baseline 0.001 -11"><span class='ocrx_word' id='word_1_21' title='bbox 130 539 433 580; x_wconf 89' lang='lat' dir='ltr'><strong>munitionem</strong></span> <span class='ocrx_word' id='word_1_22' title='bbox 469 540 515 580; x_wconf 92' lang='lat' dir='ltr'><strong>et</strong></span> <span class='ocrx_word' id='word_1_23' title='bbox 546 537 757 579; x_wconf 90' lang='lat' dir='ltr'><strong>omnibus</strong></span> <span class='ocrx_word' id='word_1_24' title='bbox 794 537 1122 591; x_wconf 70' lang='lat' dir='ltr'><strong>antiquissimis</strong></span> <span class='ocrx_word' id='word_1_25' title='bbox 1154 537 1449 578; x_wconf 81' lang='lat' dir='ltr'><strong>dissimilem¹</strong></span> <span class='ocrx_word' id='word_1_26' title='bbox 1478 540 1690 591; x_wconf 85' lang='lat' dir='ltr'><strong>venisset,</strong></span> 
     </span>
     <span class='ocr_line' id='line_1_5' title="bbox 130 595 1692 650; baseline 0 -10"><span class='ocrx_word' id='word_1_27' title='bbox 130 598 220 640; x_wconf 91' lang='lat' dir='ltr'><strong>Dei</strong></span> <span class='ocrx_word' id='word_1_28' title='bbox 259 597 429 639; x_wconf 84' lang='lat' dir='ltr'><strong>auxilio</strong></span> <span class='ocrx_word' id='word_1_29' title='bbox 468 596 616 638; x_wconf 81' lang='lat' dir='ltr'><strong>fretus</strong></span> <span class='ocrx_word' id='word_1_30' title='bbox 657 596 811 637; x_wconf 88' lang='lat' dir='ltr'><strong>omnia</strong></span> <span class='ocrx_word' id='word_1_31' title='bbox 850 596 1031 637; x_wconf 91' lang='lat' dir='ltr'><strong>moenia</strong></span> <span class='ocrx_word' id='word_1_32' title='bbox 1069 595 1268 650; x_wconf 85' lang='lat' dir='ltr'><strong>regionis</strong></span> <span class='ocrx_word' id='word_1_33' title='bbox 1308 595 1434 637; x_wconf 87' lang='lat' dir='ltr'><strong>illius</strong></span> <span class='ocrx_word' id='word_1_34' title='bbox 1473 599 1692 640; x_wconf 82' lang='lat' dir='ltr'><strong>cremavit</strong></span> 
     </span>
     <span class='ocr_line' id='line_1_6' title="bbox 129 653 1692 708; baseline -0.001 -10"><span class='ocrx_word' id='word_1_35' title='bbox 129 656 342 698; x_wconf 87' lang='lat' dir='ltr'><strong>incendio</strong></span> <span class='ocrx_word' id='word_1_36' title='bbox 384 658 430 697; x_wconf 89' lang='lat' dir='ltr'><strong>et</strong></span> <span class='ocrx_word' id='word_1_37' title='bbox 468 655 737 697; x_wconf 88' lang='lat' dir='ltr'><strong>abscondita</strong></span> <span class='ocrx_word' id='word_1_38' title='bbox 776 657 1007 708; x_wconf 77' lang='lat' dir='ltr'><strong>quaeque⁰</strong></span> <span class='ocrx_word' id='word_1_39' title='bbox 1054 655 1103 695; x_wconf 91' lang='lat' dir='ltr'><strong>in</strong></span> <span class='ocrx_word' id='word_1_40' title='bbox 1143 653 1268 695; x_wconf 86' lang='lat' dir='ltr'><strong>silvis</strong></span> <span class='ocrx_word' id='word_1_41' title='bbox 1307 653 1383 695; x_wconf 83' lang='lat' dir='ltr'><strong>vel</strong></span> <span class='ocrx_word' id='word_1_42' title='bbox 1423 654 1603 697; x_wconf 79' lang='lat' dir='ltr'><strong>defossa</strong></span> <span class='ocrx_word' id='word_1_43' title='bbox 1643 657 1692 697; x_wconf 91' lang='lat' dir='ltr'><strong>in</strong></span> 
     </span>
     <span class='ocr_line' id='line_1_7' title="bbox 129 710 1692 769; baseline -0.001 -12"><span class='ocrx_word' id='word_1_44' title='bbox 129 715 251 769; x_wconf 87' lang='lat' dir='ltr'><strong>agris</strong></span> <span class='ocrx_word' id='word_1_45' title='bbox 283 710 542 769; x_wconf 79' lang='lat' dir='ltr'><strong>reperiens‘l</strong></span> <span class='ocrx_word' id='word_1_46' title='bbox 587 727 691 755; x_wconf 86' lang='lat' dir='ltr'><strong>cum</strong></span> <span class='ocrx_word' id='word_1_47' title='bbox 731 713 822 754; x_wconf 90' lang='lat' dir='ltr'><strong>suis</strong></span> <span class='ocrx_word' id='word_1_48' title='bbox 865 713 1056 767; x_wconf 76' lang='lat' dir='ltr'><strong>diripuit</strong></span> <span class='ocrx_word' id='word_1_49' title='bbox 1097 726 1344 766; x_wconf 89' lang='lat' dir='ltr'><strong>omnesque</strong></span> <span class='ocrx_word' id='word_1_50' title='bbox 1385 712 1471 754; x_wconf 89' lang='lat' dir='ltr'><strong>sibi</strong></span> <span class='ocrx_word' id='word_1_51' title='bbox 1509 726 1692 768; x_wconf 87' lang='lat' dir='ltr'><strong>congre-</strong></span> 
     </span>
     <span class='ocr_line' id='line_1_8' title="bbox 130 766 1692 827; baseline -0.001 -12"><span class='ocrx_word' id='word_1_52' title='bbox 130 774 308 816; x_wconf 77' lang='lat' dir='ltr'><strong>dientes</strong></span> <span class='ocrx_word' id='word_1_53' title='bbox 338 773 500 827; x_wconf 83' lang='lat' dir='ltr'><strong>fugere</strong></span> <span class='ocrx_word' id='word_1_54' title='bbox 532 772 779 827; x_wconf 70' lang='lat' dir='ltr'><strong>compulite</strong></span> <span class='ocrx_word' id='word_1_55' title='bbox 817 771 892 814; x_wconf 73' lang='lat' dir='ltr'><strong>vel</strong></span> <span class='ocrx_word' id='word_1_56' title='bbox 923 771 1171 814; x_wconf 83' lang='lat' dir='ltr'><strong>interfecit.</strong></span> <span class='ocrx_word' id='word_1_57' title='bbox 1233 766 1359 818; x_wconf 73' lang='lat' dir='ltr'><strong>Necf</strong></span> <span class='ocrx_word' id='word_1_58' title='bbox 1394 772 1545 814; x_wconf 91' lang='lat' dir='ltr'><strong>minus</strong></span> <span class='ocrx_word' id='word_1_59' title='bbox 1570 772 1692 814; x_wconf 84' lang='lat' dir='ltr'><strong>Carl-</strong></span> 
     </span>
     <span class='ocr_line' id='line_1_9' title="bbox 128 825 1692 886; baseline 0 -13"><span class='ocrx_word' id='word_1_60' title='bbox 128 846 324 874; x_wconf 89' lang='lat' dir='ltr'><strong>mannus</strong></span> <span class='ocrx_word' id='word_1_61' title='bbox 338 835 360 862; x_wconf 69' lang='lat' dir='ltr'>g</span> <span class='ocrx_word' id='word_1_62' title='bbox 415 845 608 886; x_wconf 89' lang='lat' dir='ltr'><strong>regnum</strong></span> <span class='ocrx_word' id='word_1_63' title='bbox 658 830 950 872; x_wconf 89' lang='lat' dir='ltr'><strong>Zuentibaldi</strong></span> <span class='ocrx_word' id='word_1_64' title='bbox 1001 831 1182 885; x_wconf 88' lang='lat' dir='ltr'><strong>nepotis</strong></span> <span class='ocrx_word' id='word_1_65' title='bbox 1234 825 1440 871; x_wconf 75' lang='lat' dir='ltr'><strong>Rastizi1²</strong></span> <span class='ocrx_word' id='word_1_66' title='bbox 1491 831 1597 885; x_wconf 85' lang='lat' dir='ltr'><strong>igne</strong></span> <span class='ocrx_word' id='word_1_67' title='bbox 1644 834 1692 873; x_wconf 87' lang='lat' dir='ltr'><strong>et</strong></span> 
     </span>
     <span class='ocr_line' id='line_1_10' title="bbox 130 885 1691 945; baseline 0 -13"><span class='ocrx_word' id='word_1_68' title='bbox 130 891 284 945; x_wconf 89' lang='lat' dir='ltr'><strong>gladio</strong></span> <span class='ocrx_word' id='word_1_69' title='bbox 317 885 758 945; x_wconf 66' lang='lat' dir='ltr'><strong>depopula(ba)turi;</strong></span> <span class='ocrx_word' id='word_1_70' title='bbox 800 891 1070 943; x_wconf 86' lang='lat' dir='ltr'><strong>vastataque</strong></span> <span class='ocrx_word' id='word_1_71' title='bbox 1111 889 1235 930; x_wconf 90' lang='lat' dir='ltr'><strong>omni</strong></span> <span class='ocrx_word' id='word_1_72' title='bbox 1271 889 1458 942; x_wconf 86' lang='lat' dir='ltr'><strong>regione</strong></span> <span class='ocrx_word' id='word_1_73' title='bbox 1490 889 1691 932; x_wconf 87' lang='lat' dir='ltr'><strong>Karolus</strong></span> 
     </span>
     <span class='ocr_line' id='line_1_11' title="bbox 129 945 1693 998; baseline -0.001 -7"><span class='ocrx_word' id='word_1_74' title='bbox 129 952 178 991; x_wconf 90' lang='lat' dir='ltr'><strong>et</strong></span> <span class='ocrx_word' id='word_1_75' title='bbox 204 945 536 991; x_wconf 81' lang='lat' dir='ltr'><strong>Carlmannusk</strong></span> <span class='ocrx_word' id='word_1_76' title='bbox 570 948 737 990; x_wconf 84' lang='lat' dir='ltr'><strong>fratres</strong></span> <span class='ocrx_word' id='word_1_77' title='bbox 770 953 1094 998; x_wconf 82' lang='lat' dir='ltr'><strong>convenerunt,</strong></span> <span class='ocrx_word' id='word_1_78' title='bbox 1129 948 1186 989; x_wconf 89' lang='lat' dir='ltr'><strong>de</strong></span> <span class='ocrx_word' id='word_1_79' title='bbox 1217 947 1411 989; x_wconf 85' lang='lat' dir='ltr'><strong>victoria</strong></span> <span class='ocrx_word' id='word_1_80' title='bbox 1442 947 1529 989; x_wconf 90' lang='lat' dir='ltr'><strong>sibi</strong></span> <span class='ocrx_word' id='word_1_81' title='bbox 1561 949 1693 990; x_wconf 82' lang='lat' dir='ltr'><strong>caeli-</strong></span> 
     </span>
     <span class='ocr_line' id='line_1_12' title="bbox 128 1004 1692 1062; baseline -0.001 -12"><span class='ocrx_word' id='word_1_82' title='bbox 128 1004 226 1050; x_wconf 83' lang='lat' dir='ltr'><strong>tus¹</strong></span> <span class='ocrx_word' id='word_1_83' title='bbox 258 1009 368 1050; x_wconf 85' lang='lat' dir='ltr'><strong>data</strong></span> <span class='ocrx_word' id='word_1_84' title='bbox 397 1007 698 1062; x_wconf 84' lang='lat' dir='ltr'><strong>gratulantes.</strong></span> <span class='ocrx_word' id='word_1_85' title='bbox 761 1007 947 1049; x_wconf 85' lang='lat' dir='ltr'><strong>Interea</strong></span> <span class='ocrx_word' id='word_1_86' title='bbox 968 1006 1310 1048; x_wconf 74' lang='lat' dir='ltr'><strong>Hludowicusm</strong></span> <span class='ocrx_word' id='word_1_87' title='bbox 1331 1006 1477 1048; x_wconf 77' lang='lat' dir='ltr'><strong>frater</strong></span> <span class='ocrx_word' id='word_1_88' title='bbox 1505 1006 1692 1048; x_wconf 91' lang='lat' dir='ltr'><strong>illorum</strong></span> 
     </span>
     <span class='ocr_line' id='line_1_13' title="bbox 130 1065 1692 1120; baseline -0.001 -11"><span class='ocrx_word' id='word_1_89' title='bbox 130 1080 233 1109; x_wconf 84' lang='lat' dir='ltr'><strong>cum</strong></span> <span class='ocrx_word' id='word_1_90' title='bbox 272 1067 453 1108; x_wconf 87' lang='lat' dir='ltr'><strong>Sorabis</strong></span> <span class='ocrx_word' id='word_1_91' title='bbox 494 1080 680 1108; x_wconf 85' lang='lat' dir='ltr'><strong>manum</strong></span> <span class='ocrx_word' id='word_1_92' title='bbox 721 1079 962 1108; x_wconf 83' lang='lat' dir='ltr'><strong>conserens</strong></span> <span class='ocrx_word' id='word_1_93' title='bbox 1002 1066 1148 1120; x_wconf 89' lang='lat' dir='ltr'><strong>primo</strong></span> <span class='ocrx_word' id='word_1_94' title='bbox 1188 1065 1374 1119; x_wconf 84' lang='lat' dir='ltr'><strong>quidem</strong></span> <span class='ocrx_word' id='word_1_95' title='bbox 1417 1065 1692 1119; x_wconf 90' lang='lat' dir='ltr'><strong>quibusdam</strong></span> 
     </span>
     <span class='ocr_line' id='line_1_14' title="bbox 130 1124 1692 1180; baseline 0 -13"><span class='ocrx_word' id='word_1_96' title='bbox 130 1126 288 1168; x_wconf 87' lang='lat' dir='ltr'><strong>occisis</strong></span> <span class='ocrx_word' id='word_1_97' title='bbox 320 1127 475 1167; x_wconf 89' lang='lat' dir='ltr'><strong>hostes</strong></span> <span class='ocrx_word' id='word_1_98' title='bbox 505 1128 637 1180; x_wconf 88' lang='lat' dir='ltr'><strong>terga</strong></span> <span class='ocrx_word' id='word_1_99' title='bbox 667 1127 844 1167; x_wconf 85' lang='lat' dir='ltr'><strong>vertere</strong></span> <span class='ocrx_word' id='word_1_100' title='bbox 877 1125 1047 1179; x_wconf 87' lang='lat' dir='ltr'><strong>coegit;</strong></span> <span class='ocrx_word' id='word_1_101' title='bbox 1082 1124 1248 1166; x_wconf 89' lang='lat' dir='ltr'><strong>deinde</strong></span> <span class='ocrx_word' id='word_1_102' title='bbox 1269 1137 1376 1166; x_wconf 82' lang='lat' dir='ltr'><strong>vero</strong></span> <span class='ocrx_word' id='word_1_103' title='bbox 1396 1138 1490 1166; x_wconf 92' lang='lat' dir='ltr'><strong>non</strong></span> <span class='ocrx_word' id='word_1_104' title='bbox 1511 1125 1692 1167; x_wconf 89' lang='lat' dir='ltr'><strong>modica</strong></span> 
     </span>
     <span class='ocr_line' id='line_1_15' title="bbox 130 1182 1690 1239; baseline -0.001 -13"><span class='ocrx_word' id='word_1_105' title='bbox 130 1198 185 1226; x_wconf 84' lang='lat' dir='ltr'><strong>ex</strong></span> <span class='ocrx_word' id='word_1_106' title='bbox 225 1185 288 1226; x_wconf 90' lang='lat' dir='ltr'><strong>eis</strong></span> <span class='ocrx_word' id='word_1_107' title='bbox 329 1183 627 1226; x_wconf 87' lang='lat' dir='ltr'><strong>multitudine</strong></span> <span class='ocrx_word' id='word_1_108' title='bbox 667 1186 896 1239; x_wconf 87' lang='lat' dir='ltr'><strong>prostrata</strong></span> <span class='ocrx_word' id='word_1_109' title='bbox 937 1185 984 1225; x_wconf 93' lang='lat' dir='ltr'><strong>et</strong></span> <span class='ocrx_word' id='word_1_110' title='bbox 1021 1183 1280 1233; x_wconf 86' lang='lat' dir='ltr'><strong>Behemis¹¹‚</strong></span> <span class='ocrx_word' id='word_1_111' title='bbox 1323 1183 1401 1237; x_wconf 89' lang='lat' dir='ltr'><strong>qui</strong></span> <span class='ocrx_word' id='word_1_112' title='bbox 1443 1197 1469 1225; x_wconf 93' lang='lat' dir='ltr'><strong>a</strong></span> <span class='ocrx_word' id='word_1_113' title='bbox 1507 1182 1690 1225; x_wconf 84' lang='lat' dir='ltr'><strong>Sorabis</strong></span> 
     </span>
     <span class='ocr_line' id='line_1_16' title="bbox 128 1242 1692 1297; baseline -0.001 -12"><span class='ocrx_word' id='word_1_114' title='bbox 128 1244 336 1285; x_wconf 82' lang='lat' dir='ltr'><strong>mercede</strong></span> <span class='ocrx_word' id='word_1_115' title='bbox 378 1243 592 1284; x_wconf 86' lang='lat' dir='ltr'><strong>conducti</strong></span> <span class='ocrx_word' id='word_1_116' title='bbox 631 1242 837 1293; x_wconf 84' lang='lat' dir='ltr'><strong>fuerant,</strong></span> <span class='ocrx_word' id='word_1_117' title='bbox 879 1242 1047 1297; x_wconf 88' lang='lat' dir='ltr'><strong>partim</strong></span> <span class='ocrx_word' id='word_1_118' title='bbox 1086 1242 1244 1283; x_wconf 88' lang='lat' dir='ltr'><strong>occisis</strong></span> <span class='ocrx_word' id='word_1_119' title='bbox 1284 1242 1454 1296; x_wconf 91' lang='lat' dir='ltr'><strong>partim</strong></span> <span class='ocrx_word' id='word_1_120' title='bbox 1491 1243 1692 1297; x_wconf 86' lang='lat' dir='ltr'><strong>turpiter</strong></span> 
     </span>
     <span class='ocr_line' id='line_1_17' title="bbox 130 1301 1487 1355; baseline -0.001 -12"><span class='ocrx_word' id='word_1_121' title='bbox 130 1302 190 1343; x_wconf 87' lang='lat' dir='ltr'><strong>ad</strong></span> <span class='ocrx_word' id='word_1_122' title='bbox 221 1315 303 1343; x_wconf 86' lang='lat' dir='ltr'><strong>sua</strong></span> <span class='ocrx_word' id='word_1_123' title='bbox 333 1301 631 1343; x_wconf 88' lang='lat' dir='ltr'><strong>redeuntibus</strong></span> <span class='ocrx_word' id='word_1_124' title='bbox 664 1303 838 1343; x_wconf 87' lang='lat' dir='ltr'><strong>ceteros</strong></span> <span class='ocrx_word' id='word_1_125' title='bbox 869 1301 919 1342; x_wconf 91' lang='lat' dir='ltr'><strong>in</strong></span> <span class='ocrx_word' id='word_1_126' title='bbox 950 1301 1258 1343; x_wconf 88' lang='lat' dir='ltr'><strong>deditionem⁰</strong></span> <span class='ocrx_word' id='word_1_127' title='bbox 1296 1301 1487 1355; x_wconf 88' lang='lat' dir='ltr'><strong>accepit.</strong></span> 
     </span>
    </p>

    <p class='ocr_par' dir='ltr' id='par_1_3' title="bbox 124 1358 1692 2061">
     <span class='ocr_line' id='line_1_18' title="bbox 272 1358 1691 1413; baseline -0.001 -11"><span class='ocrx_word' id='word_1_128' title='bbox 272 1360 396 1401; x_wconf 93' lang='lat' dir='ltr'><strong>Dum</strong></span> <span class='ocrx_word' id='word_1_129' title='bbox 436 1361 549 1402; x_wconf 90' lang='lat' dir='ltr'><strong>haec</strong></span> <span class='ocrx_word' id='word_1_130' title='bbox 581 1361 630 1401; x_wconf 93' lang='lat' dir='ltr'><strong>in</strong></span> <span class='ocrx_word' id='word_1_131' title='bbox 661 1360 849 1402; x_wconf 86' lang='lat' dir='ltr'><strong>diversis</strong></span> <span class='ocrx_word' id='word_1_132' title='bbox 880 1359 992 1401; x_wconf 89' lang='lat' dir='ltr'><strong>locis</strong></span> <span class='ocrx_word' id='word_1_133' title='bbox 1023 1358 1313 1413; x_wconf 80' lang='lat' dir='ltr'><strong>gerebantur,</strong></span> <span class='ocrx_word' id='word_1_134' title='bbox 1346 1358 1691 1401; x_wconf 76' lang='lat' dir='ltr'><strong>Hludowiousm</strong></span> 
     </span>
     <span class='ocr_line' id='line_1_19' title="bbox 128 1417 1692 1473; baseline 0.001 -14"><span class='ocrx_word' id='word_1_135' title='bbox 128 1431 208 1460; x_wconf 85' lang='lat' dir='ltr'><strong>rex</strong></span> <span class='ocrx_word' id='word_1_136' title='bbox 247 1420 370 1473; x_wconf 88' lang='lat' dir='ltr'><strong>apud</strong></span> <span class='ocrx_word' id='word_1_137' title='bbox 408 1418 755 1461; x_wconf 66' lang='lat' dir='ltr'><strong>Radesbonamp</strong></span> <span class='ocrx_word' id='word_1_138' title='bbox 797 1417 1035 1459; x_wconf 87' lang='lat' dir='ltr'><strong>Baioariae</strong></span> <span class='ocrx_word' id='word_1_139' title='bbox 1076 1418 1311 1459; x_wconf 87' lang='lat' dir='ltr'><strong>civitatem</strong></span> <span class='ocrx_word' id='word_1_140' title='bbox 1349 1418 1478 1471; x_wconf 83' lang='lat' dir='ltr'><strong>gravi</strong></span> <span class='ocrx_word' id='word_1_141' title='bbox 1518 1418 1692 1460; x_wconf 85' lang='lat' dir='ltr'><strong>detine-</strong></span> 
     </span>
     <span class='ocr_line' id='line_1_20' title="bbox 128 1475 1690 1531; baseline 0.001 -13"><span class='ocrx_word' id='word_1_142' title='bbox 128 1476 264 1518; x_wconf 84' lang='lat' dir='ltr'><strong>batur</strong></span> <span class='ocrx_word' id='word_1_143' title='bbox 295 1477 576 1527; x_wconf 85' lang='lat' dir='ltr'><strong>infirmitate,</strong></span> <span class='ocrx_word' id='word_1_144' title='bbox 610 1478 676 1518; x_wconf 85' lang='lat' dir='ltr'><strong>ita</strong></span> <span class='ocrx_word' id='word_1_145' title='bbox 701 1479 756 1518; x_wconf 92' lang='lat' dir='ltr'><strong>ut</strong></span> <span class='ocrx_word' id='word_1_146' title='bbox 776 1477 942 1518; x_wconf 81' lang='lat' dir='ltr'><strong>medici</strong></span> <span class='ocrx_word' id='word_1_147' title='bbox 962 1475 1097 1517; x_wconf 90' lang='lat' dir='ltr'><strong>illum</strong></span> <span class='ocrx_word' id='word_1_148' title='bbox 1118 1476 1395 1518; x_wconf 81' lang='lat' dir='ltr'><strong>sanitatemq</strong></span> <span class='ocrx_word' id='word_1_149' title='bbox 1420 1489 1690 1531; x_wconf 86' lang='lat' dir='ltr'><strong>recuperare</strong></span> 
     </span>
     <span class='ocr_line' id='line_1_21' title="bbox 127 1534 1688 1590; baseline -0.001 -13"><span class='ocrx_word' id='word_1_150' title='bbox 127 1549 257 1590; x_wconf 86' lang='lat' dir='ltr'><strong>posse</strong></span> <span class='ocrx_word' id='word_1_151' title='bbox 299 1536 605 1590; x_wconf 86' lang='lat' dir='ltr'><strong>desperarent.</strong></span> <span class='ocrx_word' id='word_1_152' title='bbox 669 1534 957 1590; x_wconf 82' lang='lat' dir='ltr'><strong>Quapropter</strong></span> <span class='ocrx_word' id='word_1_153' title='bbox 987 1548 1121 1576; x_wconf 89' lang='lat' dir='ltr'><strong>omne</strong></span> <span class='ocrx_word' id='word_1_154' title='bbox 1159 1547 1322 1576; x_wconf 87' lang='lat' dir='ltr'><strong>aurum</strong></span> <span class='ocrx_word' id='word_1_155' title='bbox 1353 1537 1400 1576; x_wconf 88' lang='lat' dir='ltr'><strong>et</strong></span> <span class='ocrx_word' id='word_1_156' title='bbox 1432 1537 1688 1589; x_wconf 91' lang='lat' dir='ltr'><strong>argentum,</strong></span> 
     </span>
     <span class='ocr_line' id='line_1_22' title="bbox 127 1593 1691 1648; baseline 0 -13"><span class='ocrx_word' id='word_1_157' title='bbox 127 1595 250 1648; x_wconf 89' lang='lat' dir='ltr'><strong>quod</strong></span> <span class='ocrx_word' id='word_1_158' title='bbox 280 1595 328 1635; x_wconf 88' lang='lat' dir='ltr'><strong>in</strong></span> <span class='ocrx_word' id='word_1_159' title='bbox 358 1595 586 1636; x_wconf 86' lang='lat' dir='ltr'><strong>thesauris</strong></span> <span class='ocrx_word' id='word_1_160' title='bbox 617 1593 742 1635; x_wconf 88' lang='lat' dir='ltr'><strong>illius</strong></span> <span class='ocrx_word' id='word_1_161' title='bbox 773 1593 997 1635; x_wconf 67' lang='lat' dir='ltr'><strong>invenirit</strong></span> <span class='ocrx_word' id='word_1_162' title='bbox 1033 1593 1198 1648; x_wconf 86' lang='lat' dir='ltr'><strong>potuit,</strong></span> <span class='ocrx_word' id='word_1_163' title='bbox 1231 1606 1313 1648; x_wconf 89' lang='lat' dir='ltr'><strong>per</strong></span> <span class='ocrx_word' id='word_1_164' title='bbox 1340 1594 1518 1636; x_wconf 82' lang='lat' dir='ltr'><strong>diversa</strong></span> <span class='ocrx_word' id='word_1_165' title='bbox 1538 1608 1691 1636; x_wconf 87' lang='lat' dir='ltr'><strong>mona-</strong></span> 
     </span>
     <span class='ocr_line' id='line_1_23' title="bbox 127 1652 1690 1707; baseline 0 -12"><span class='ocrx_word' id='word_1_166' title='bbox 127 1653 369 1695; x_wconf 89' lang='lat' dir='ltr'><strong>steriorum</strong></span> <span class='ocrx_word' id='word_1_167' title='bbox 421 1653 522 1694; x_wconf 83' lang='lat' dir='ltr'><strong>loca</strong></span> <span class='ocrx_word' id='word_1_168' title='bbox 569 1653 805 1695; x_wconf 90' lang='lat' dir='ltr'><strong>distribuit</strong></span> <span class='ocrx_word' id='word_1_169' title='bbox 857 1655 904 1694; x_wconf 90' lang='lat' dir='ltr'><strong>et</strong></span> <span class='ocrx_word' id='word_1_170' title='bbox 954 1652 1231 1707; x_wconf 87' lang='lat' dir='ltr'><strong>pauperibus</strong></span> <span class='ocrx_word' id='word_1_171' title='bbox 1284 1653 1511 1707; x_wconf 85' lang='lat' dir='ltr'><strong>erogavit;</strong></span> <span class='ocrx_word' id='word_1_172' title='bbox 1565 1653 1690 1695; x_wconf 86' lang='lat' dir='ltr'><strong>unde</strong></span> 
     </span>
     <span class='ocr_line' id='line_1_24' title="bbox 127 1711 1687 1765; baseline -0.001 -11"><span class='ocrx_word' id='word_1_173' title='bbox 127 1714 174 1754; x_wconf 91' lang='lat' dir='ltr'><strong>et</strong></span> <span class='ocrx_word' id='word_1_174' title='bbox 205 1725 233 1753; x_wconf 89' lang='lat' dir='ltr'><strong>a</strong></span> <span class='ocrx_word' id='word_1_175' title='bbox 265 1712 450 1754; x_wconf 85' lang='lat' dir='ltr'><strong>caelesti</strong></span> <span class='ocrx_word' id='word_1_176' title='bbox 490 1712 685 1762; x_wconf 88' lang='lat' dir='ltr'><strong>medico,</strong></span> <span class='ocrx_word' id='word_1_177' title='bbox 729 1712 803 1753; x_wconf 88' lang='lat' dir='ltr'><strong>cui</strong></span> <span class='ocrx_word' id='word_1_178' title='bbox 844 1725 891 1753; x_wconf 88' lang='lat' dir='ltr'><strong>se</strong></span> <span class='ocrx_word' id='word_1_179' title='bbox 931 1724 1103 1765; x_wconf 84' lang='lat' dir='ltr'><strong>suaque</strong></span> <span class='ocrx_word' id='word_1_180' title='bbox 1143 1711 1298 1753; x_wconf 92' lang='lat' dir='ltr'><strong>omnia</strong></span> <span class='ocrx_word' id='word_1_181' title='bbox 1338 1712 1687 1762; x_wconf 83' lang='lat' dir='ltr'><strong>commendavit,</strong></span> 
     </span>
     <span class='ocr_line' id='line_1_25' title="bbox 127 1769 1690 1826; baseline -0.001 -14"><span class='ocrx_word' id='word_1_182' title='bbox 127 1771 277 1812; x_wconf 89' lang='lat' dir='ltr'><strong>curari</strong></span> <span class='ocrx_word' id='word_1_183' title='bbox 317 1771 580 1826; x_wconf 83' lang='lat' dir='ltr'><strong>promeruit.</strong></span> <span class='ocrx_word' id='word_1_184' title='bbox 642 1770 842 1812; x_wconf 89' lang='lat' dir='ltr'><strong>Karolus</strong></span> <span class='ocrx_word' id='word_1_185' title='bbox 873 1783 980 1812; x_wconf 86' lang='lat' dir='ltr'><strong>vero</strong></span> <span class='ocrx_word' id='word_1_186' title='bbox 1010 1783 1090 1812; x_wconf 85' lang='lat' dir='ltr'><strong>rex</strong></span> <span class='ocrx_word' id='word_1_187' title='bbox 1121 1772 1356 1825; x_wconf 89' lang='lat' dir='ltr'><strong>comperta</strong></span> <span class='ocrx_word' id='word_1_188' title='bbox 1386 1769 1690 1812; x_wconf 75' lang='lat' dir='ltr'><strong>Hludow-icim</strong></span> 
     </span>
     <span class='ocr_line' id='line_1_26' title="bbox 124 1828 1689 1884; baseline -0.001 -13"><span class='ocrx_word' id='word_1_189' title='bbox 124 1829 282 1871; x_wconf 78' lang='lat' dir='ltr'><strong>fratris</strong></span> <span class='ocrx_word' id='word_1_190' title='bbox 323 1830 394 1871; x_wconf 86' lang='lat' dir='ltr'><strong>sui</strong></span> <span class='ocrx_word' id='word_1_191' title='bbox 424 1830 692 1871; x_wconf 87' lang='lat' dir='ltr'><strong>infirmitate</strong></span> <span class='ocrx_word' id='word_1_192' title='bbox 727 1843 922 1884; x_wconf 88' lang='lat' dir='ltr'><strong>regnum</strong></span> <span class='ocrx_word' id='word_1_193' title='bbox 953 1828 1215 1870; x_wconf 77' lang='lat' dir='ltr'><strong>Hlotharii⁸</strong></span> <span class='ocrx_word' id='word_1_194' title='bbox 1254 1829 1422 1871; x_wconf 83' lang='lat' dir='ltr'><strong>invasit</strong></span> <span class='ocrx_word' id='word_1_195' title='bbox 1455 1831 1502 1871; x_wconf 92' lang='lat' dir='ltr'><strong>et</strong></span> <span class='ocrx_word' id='word_1_196' title='bbox 1533 1842 1689 1871; x_wconf 91' lang='lat' dir='ltr'><strong>secun-</strong></span> 
     </span>
     <span class='ocr_line' id='line_1_27' title="bbox 125 1885 1688 1943; baseline 0.001 -14"><span class='ocrx_word' id='word_1_197' title='bbox 125 1889 236 1929; x_wconf 87' lang='lat' dir='ltr'><strong>dum</strong></span> <span class='ocrx_word' id='word_1_198' title='bbox 263 1888 448 1930; x_wconf 91' lang='lat' dir='ltr'><strong>libitum</strong></span> <span class='ocrx_word' id='word_1_199' title='bbox 478 1902 613 1930; x_wconf 89' lang='lat' dir='ltr'><strong>suum</strong></span> <span class='ocrx_word' id='word_1_200' title='bbox 633 1888 887 1943; x_wconf 80' lang='lat' dir='ltr'><strong>disposuit2</strong></span> <span class='ocrx_word' id='word_1_201' title='bbox 917 1890 1056 1941; x_wconf 87' lang='lat' dir='ltr'><strong>atque</strong></span> <span class='ocrx_word' id='word_1_202' title='bbox 1088 1887 1148 1929; x_wconf 86' lang='lat' dir='ltr'><strong>ad</strong></span> <span class='ocrx_word' id='word_1_203' title='bbox 1178 1885 1250 1930; x_wconf 82' lang='lat' dir='ltr'><strong>set</strong></span> <span class='ocrx_word' id='word_1_204' title='bbox 1281 1888 1337 1930; x_wconf 88' lang='lat' dir='ltr'><strong>de</strong></span> <span class='ocrx_word' id='word_1_205' title='bbox 1365 1888 1524 1930; x_wconf 89' lang='lat' dir='ltr'><strong>eodem</strong></span> <span class='ocrx_word' id='word_1_206' title='bbox 1545 1901 1688 1942; x_wconf 91' lang='lat' dir='ltr'><strong>regno</strong></span> 
     </span>
     <span class='ocr_line' id='line_1_28' title="bbox 124 1946 1688 2002; baseline 0 -14"><span class='ocrx_word' id='word_1_207' title='bbox 124 1948 280 1989; x_wconf 84' lang='lat' dir='ltr'><strong>venire</strong></span> <span class='ocrx_word' id='word_1_208' title='bbox 327 1947 534 1989; x_wconf 90' lang='lat' dir='ltr'><strong>nolentes</strong></span> <span class='ocrx_word' id='word_1_209' title='bbox 586 1946 781 2002; x_wconf 86' lang='lat' dir='ltr'><strong>publicis</strong></span> <span class='ocrx_word' id='word_1_210' title='bbox 827 1947 1108 2002; x_wconf 86' lang='lat' dir='ltr'><strong>privatisque</strong></span> <span class='ocrx_word' id='word_1_211' title='bbox 1153 1946 1290 1988; x_wconf 91' lang='lat' dir='ltr'><strong>rebus</strong></span> <span class='ocrx_word' id='word_1_212' title='bbox 1336 1947 1553 2001; x_wconf 80' lang='lat' dir='ltr'><strong>privavit3</strong></span> <span class='ocrx_word' id='word_1_213' title='bbox 1608 1947 1688 2001; x_wconf 90' lang='lat' dir='ltr'><strong>qui</strong></span> 
     </span>
     <span class='ocr_line' id='line_1_29' title="bbox 124 2004 1688 2061; baseline 0.001 -14"><span class='ocrx_word' id='word_1_214' title='bbox 124 2006 266 2047; x_wconf 88' lang='lat' dir='ltr'><strong>etiam</strong></span> <span class='ocrx_word' id='word_1_215' title='bbox 306 2019 548 2061; x_wconf 79' lang='lat' dir='ltr'><strong>pravorum</strong></span> <span class='ocrx_word' id='word_1_216' title='bbox 583 2019 692 2048; x_wconf 90' lang='lat' dir='ltr'><strong>usus</strong></span> <span class='ocrx_word' id='word_1_217' title='bbox 725 2005 915 2047; x_wconf 85' lang='lat' dir='ltr'><strong>consilio</strong></span> <span class='ocrx_word' id='word_1_218' title='bbox 952 2005 1002 2046; x_wconf 93' lang='lat' dir='ltr'><strong>in</strong></span> <span class='ocrx_word' id='word_1_219' title='bbox 1035 2004 1148 2047; x_wconf 89' lang='lat' dir='ltr'><strong>urbe</strong></span> <span class='ocrx_word' id='word_1_220' title='bbox 1179 2005 1399 2048; x_wconf 87' lang='lat' dir='ltr'><strong>Mettensi</strong></span> <span class='ocrx_word' id='word_1_221' title='bbox 1412 2008 1433 2028; x_wconf 81' lang='lat'><strong>¹¹</strong></span> <span class='ocrx_word' id='word_1_222' title='bbox 1475 2005 1688 2048; x_wconf 85' lang='lat' dir='ltr'><strong>diadema</strong></span> 
     </span>
    </p>
   </div>
   <div class='ocr_carea' id='block_1_3' title="bbox 122 2123 1688 2299">
    <p class='ocr_par' dir='ltr' id='par_1_4' title="bbox 122 2123 1688 2299">
     <span class='ocr_line' id='line_1_30' title="bbox 124 2123 1688 2167; baseline 0.001 -17"><span class='ocrx_word' id='word_1_223' title='bbox 124 2125 155 2158; x_wconf 76' lang='lat' dir='ltr'><strong>a)</strong></span> <span class='ocrx_word' id='word_1_224' title='bbox 174 2126 231 2156; x_wconf 87' lang='lat' dir='ltr'><strong>Qui</strong></span> <span class='ocrx_word' id='word_1_225' title='bbox 251 2124 320 2151; x_wconf 86' lang='lat' dir='ltr'><strong>dum</strong></span> <span class='ocrx_word' id='word_1_226' title='bbox 340 2133 406 2151; x_wconf 86' lang='lat' dir='ltr'><strong>cum</strong></span> <span class='ocrx_word' id='word_1_227' title='bbox 426 2126 503 2153; x_wconf 53' lang='lat' dir='ltr'><strong>aad.</strong></span> <span class='ocrx_word' id='word_1_228' title='bbox 514 2133 536 2153; x_wconf 87' lang='lat' dir='ltr'><strong>e.</strong></span> <span class='ocrx_word' id='word_1_229' title='bbox 554 2126 586 2153; x_wconf 82' lang='lat' dir='ltr'><strong>F.</strong></span> <span class='ocrx_word' id='word_1_230' title='bbox 667 2126 698 2156; x_wconf 88' lang='lat' dir='ltr'><strong>b)</strong></span> <span class='ocrx_word' id='word_1_231' title='bbox 717 2125 820 2151; x_wconf 64' lang='lat' dir='ltr'><strong>rustici</strong></span> <span class='ocrx_word' id='word_1_232' title='bbox 838 2126 916 2153; x_wconf 80' lang='lat' dir='ltr'><strong>3c.d.</strong></span> <span class='ocrx_word' id='word_1_233' title='bbox 934 2126 968 2153; x_wconf 83' lang='lat' dir='ltr'><strong>F.</strong></span> <span class='ocrx_word' id='word_1_234' title='bbox 1040 2127 1068 2156; x_wconf 84' lang='lat' dir='ltr'><strong>c)</strong></span> <span class='ocrx_word' id='word_1_235' title='bbox 1086 2131 1205 2167; x_wconf 63' lang='lat' dir='ltr'><strong>(1119un</strong></span> <span class='ocrx_word' id='word_1_236' title='bbox 1225 2126 1250 2153; x_wconf 85' lang='lat'><strong>1.</strong></span> <span class='ocrx_word' id='word_1_237' title='bbox 1331 2123 1362 2155; x_wconf 91' lang='lat' dir='ltr'><strong>d)</strong></span> <span class='ocrx_word' id='word_1_238' title='bbox 1381 2125 1556 2157; x_wconf 78' lang='lat' dir='ltr'><strong>repperiens</strong></span> <span class='ocrx_word' id='word_1_239' title='bbox 1576 2126 1616 2153; x_wconf 77' lang='lat'><strong>30.</strong></span> <span class='ocrx_word' id='word_1_240' title='bbox 1626 2126 1655 2153; x_wconf 88' lang='lat' dir='ltr'><strong>d.</strong></span> <span class='ocrx_word' id='word_1_241' title='bbox 1664 2132 1688 2153; x_wconf 83' lang='lat' dir='ltr'><strong>e.</strong></span> 
     </span>
     <span class='ocr_line' id='line_1_31' title="bbox 125 2159 1688 2196; baseline 0.001 -10"><span class='ocrx_word' id='word_1_242' title='bbox 125 2163 154 2191; x_wconf 80' lang='lat' dir='ltr'><strong>e)</strong></span> <span class='ocrx_word' id='word_1_243' title='bbox 173 2167 259 2193; x_wconf 86' lang='lat' dir='ltr'><strong>conp.</strong></span> <span class='ocrx_word' id='word_1_244' title='bbox 277 2161 302 2188; x_wconf 78' lang='lat'><strong>2.</strong></span> <span class='ocrx_word' id='word_1_245' title='bbox 321 2161 367 2188; x_wconf 69' lang='lat' dir='ltr'><strong>Sd.</strong></span> <span class='ocrx_word' id='word_1_246' title='bbox 447 2162 472 2192; x_wconf 83' lang='lat' dir='ltr'><strong>f)</strong></span> <span class='ocrx_word' id='word_1_247' title='bbox 490 2162 551 2196; x_wconf 60' lang='lat' dir='ltr'><strong>Nec</strong></span> <span class='ocrx_word' id='word_1_248' title='bbox 571 2161 596 2188; x_wconf 80' lang='lat'><strong>2.</strong></span> <span class='ocrx_word' id='word_1_249' title='bbox 677 2162 708 2193; x_wconf 78' lang='lat' dir='ltr'><strong>g)</strong></span> <span class='ocrx_word' id='word_1_250' title='bbox 726 2161 830 2188; x_wconf 73' lang='lat' dir='ltr'><strong>kat-lm.</strong></span> <span class='ocrx_word' id='word_1_251' title='bbox 849 2161 889 2188; x_wconf 80' lang='grc' dir='ltr'><strong>3ο.</strong></span> <span class='ocrx_word' id='word_1_252' title='bbox 973 2161 1005 2191; x_wconf 90' lang='lat' dir='ltr'><strong>h)</strong></span> <span class='ocrx_word' id='word_1_253' title='bbox 1022 2161 1138 2186; x_wconf 71' lang='lat' dir='ltr'><strong>Rastim</strong></span> <span class='ocrx_word' id='word_1_254' title='bbox 1157 2161 1197 2188; x_wconf 73' lang='lat'><strong>30.</strong></span> <span class='ocrx_word' id='word_1_255' title='bbox 1280 2160 1302 2191; x_wconf 84' lang='lat' dir='ltr'><strong>i)</strong></span> <span class='ocrx_word' id='word_1_256' title='bbox 1321 2159 1561 2193; x_wconf 74' lang='lat' dir='ltr'><strong>depopulabatur</strong></span> <span class='ocrx_word' id='word_1_257' title='bbox 1580 2162 1610 2192; x_wconf 78' lang='lat'><strong>1:</strong></span> <span class='ocrx_word' id='word_1_258' title='bbox 1635 2159 1688 2187; x_wconf 79' lang='lat' dir='ltr'><strong>de-</strong></span> 
     </span>
     <span class='ocr_line' id='line_1_32' title="bbox 125 2194 1687 2234; baseline 0 -13"><span class='ocrx_word' id='word_1_259' title='bbox 125 2196 287 2228; x_wconf 72' lang='lat' dir='ltr'><strong>populatur</strong></span> <span class='ocrx_word' id='word_1_260' title='bbox 305 2197 331 2223; x_wconf 83' lang='lat'><strong>2.</strong></span> <span class='ocrx_word' id='word_1_261' title='bbox 343 2196 454 2224; x_wconf 71' lang='lat' dir='ltr'><strong>30.d.e.</strong></span> <span class='ocrx_word' id='word_1_262' title='bbox 466 2197 499 2224; x_wconf 74' lang='lat' dir='ltr'><strong>F.</strong></span> <span class='ocrx_word' id='word_1_263' title='bbox 553 2196 585 2227; x_wconf 79' lang='lat' dir='ltr'><strong>k)</strong></span> <span class='ocrx_word' id='word_1_264' title='bbox 604 2197 716 2224; x_wconf 70' lang='lat' dir='ltr'><strong>Kal-lm.</strong></span> <span class='ocrx_word' id='word_1_265' title='bbox 735 2197 777 2234; x_wconf 67' lang='lat'><strong>3⁶,</strong></span> <span class='ocrx_word' id='word_1_266' title='bbox 785 2197 844 2223; x_wconf 84' lang='lat' dir='ltr'><strong>d.e.</strong></span> <span class='ocrx_word' id='word_1_267' title='bbox 899 2196 921 2227; x_wconf 93' lang='lat' dir='ltr'><strong>l)</strong></span> <span class='ocrx_word' id='word_1_268' title='bbox 940 2196 1046 2222; x_wconf 82' lang='lat' dir='ltr'><strong>celitus</strong></span> <span class='ocrx_word' id='word_1_269' title='bbox 1067 2198 1092 2224; x_wconf 91' lang='lat'><strong>1.</strong></span> <span class='ocrx_word' id='word_1_270' title='bbox 1145 2198 1185 2227; x_wconf 92' lang='lat' dir='ltr'><strong>m)</strong></span> <span class='ocrx_word' id='word_1_271' title='bbox 1204 2194 1314 2223; x_wconf 82' lang='lat' dir='ltr'><strong>ludovv.</strong></span> <span class='ocrx_word' id='word_1_272' title='bbox 1333 2196 1374 2223; x_wconf 74' lang='lat' dir='ltr'><strong>Se.</strong></span> <span class='ocrx_word' id='word_1_273' title='bbox 1430 2198 1461 2227; x_wconf 82' lang='lat' dir='ltr'><strong>n)</strong></span> <span class='ocrx_word' id='word_1_274' title='bbox 1480 2196 1626 2222; x_wconf 79' lang='lat' dir='ltr'><strong>beheimis</strong></span> <span class='ocrx_word' id='word_1_275' title='bbox 1645 2197 1687 2224; x_wconf 71' lang='grc' dir='ltr'><strong>δε.</strong></span> 
     </span>
     <span class='ocr_line' id='line_1_33' title="bbox 123 2230 1687 2264; baseline 0.001 -8"><span class='ocrx_word' id='word_1_276' title='bbox 123 2233 153 2262; x_wconf 90' lang='grc' dir='ltr'><strong>ο)</strong></span> <span class='ocrx_word' id='word_1_277' title='bbox 173 2230 360 2258; x_wconf 85' lang='lat' dir='ltr'><strong>dedicionem</strong></span> <span class='ocrx_word' id='word_1_278' title='bbox 382 2232 455 2259; x_wconf 51' lang='lat' dir='ltr'><strong>See.</strong></span> <span class='ocrx_word' id='word_1_279' title='bbox 544 2233 575 2264; x_wconf 85' lang='lat' dir='ltr'><strong>p)</strong></span> <span class='ocrx_word' id='word_1_280' title='bbox 600 2230 797 2258; x_wconf 66' lang='lat' dir='ltr'><strong>radasbonam</strong></span> <span class='ocrx_word' id='word_1_281' title='bbox 821 2232 931 2260; x_wconf 56' lang='lat' dir='ltr'><strong>saone.</strong></span> <span class='ocrx_word' id='word_1_282' title='bbox 949 2232 982 2259; x_wconf 78' lang='lat' dir='ltr'><strong>F.</strong></span> <span class='ocrx_word' id='word_1_283' title='bbox 1074 2230 1105 2264; x_wconf 89' lang='lat' dir='ltr'><strong>q)</strong></span> <span class='ocrx_word' id='word_1_284' title='bbox 1127 2232 1258 2257; x_wconf 76' lang='lat' dir='ltr'><strong>sanitate</strong></span> <span class='ocrx_word' id='word_1_285' title='bbox 1278 2233 1302 2259; x_wconf 87' lang='lat'><strong>1.</strong></span> <span class='ocrx_word' id='word_1_286' title='bbox 1393 2231 1419 2263; x_wconf 85' lang='lat' dir='ltr'><strong>r)</strong></span> <span class='ocrx_word' id='word_1_287' title='bbox 1443 2231 1582 2258; x_wconf 79' lang='lat' dir='ltr'><strong>invenire</strong></span> <span class='ocrx_word' id='word_1_288' title='bbox 1602 2233 1626 2259; x_wconf 91' lang='lat'><strong>1.</strong></span> <span class='ocrx_word' id='word_1_289' title='bbox 1645 2232 1687 2260; x_wconf 74' lang='grc' dir='ltr'><strong>δε.</strong></span> 
     </span>
     <span class='ocr_line' id='line_1_34' title="bbox 122 2266 1194 2299; baseline 0.002 -7"><span class='ocrx_word' id='word_1_290' title='bbox 122 2268 151 2297; x_wconf 80' lang='lat' dir='ltr'><strong>s)</strong></span> <span class='ocrx_word' id='word_1_291' title='bbox 170 2267 264 2294; x_wconf 78' lang='lat' dir='ltr'><strong>hluth.</strong></span> <span class='ocrx_word' id='word_1_292' title='bbox 283 2267 323 2295; x_wconf 68' lang='grc' dir='ltr'><strong>δε.</strong></span> <span class='ocrx_word' id='word_1_293' title='bbox 333 2267 360 2295; x_wconf 84' lang='lat' dir='ltr'><strong>d.</strong></span> <span class='ocrx_word' id='word_1_294' title='bbox 378 2267 418 2299; x_wconf 76' lang='lat' dir='ltr'><strong>F3</strong></span> <span class='ocrx_word' id='word_1_295' title='bbox 442 2267 517 2294; x_wconf 82' lang='lat' dir='ltr'><strong>luth.</strong></span> <span class='ocrx_word' id='word_1_296' title='bbox 535 2268 576 2295; x_wconf 71' lang='lat'><strong>30.</strong></span> <span class='ocrx_word' id='word_1_297' title='bbox 649 2269 672 2299; x_wconf 86' lang='lat' dir='ltr'><strong>t)</strong></span> <span class='ocrx_word' id='word_1_298' title='bbox 690 2266 792 2293; x_wconf 82' lang='lat' dir='ltr'><strong>sedem</strong></span> <span class='ocrx_word' id='word_1_299' title='bbox 811 2267 883 2295; x_wconf 58' lang='lat' dir='ltr'><strong>aaa.</strong></span> <span class='ocrx_word' id='word_1_300' title='bbox 956 2269 987 2298; x_wconf 89' lang='lat' dir='ltr'><strong>u)</strong></span> <span class='ocrx_word' id='word_1_301' title='bbox 1006 2267 1134 2293; x_wconf 81' lang='lat' dir='ltr'><strong>metensi</strong></span> <span class='ocrx_word' id='word_1_302' title='bbox 1153 2267 1194 2294; x_wconf 72' lang='grc' dir='ltr'><strong>δε.</strong></span> 
     </span>
    </p>
   </div>
   <div class='ocr_carea' id='block_1_4' title="bbox 122 2367 1689 2976">
    <p class='ocr_par' dir='ltr' id='par_1_5' title="bbox 122 2367 1689 2976">
     <span class='ocr_line' id='line_1_35' title="bbox 127 2367 1687 2408; baseline -0.001 -6"><span class='ocrx_word' id='word_1_303' title='bbox 127 2367 162 2408; x_wconf 90' lang='grc'><strong>1)</strong></span> <span class='ocrx_word' id='word_1_304' title='bbox 191 2367 229 2402; x_wconf 87' lang='lat' dir='ltr'><strong>V.</strong></span> <span class='ocrx_word' id='word_1_305' title='bbox 260 2367 312 2402; x_wconf 81' lang='grc' dir='ltr'><strong>ΟΖ.</strong></span> <span class='ocrx_word' id='word_1_306' title='bbox 342 2367 407 2403; x_wconf 88' lang='lat' dir='ltr'><strong>Fr.</strong></span> <span class='ocrx_word' id='word_1_307' title='bbox 432 2367 524 2401; x_wconf 86' lang='lat' dir='ltr'><strong>Xav.</strong></span> <span class='ocrx_word' id='word_1_308' title='bbox 549 2367 695 2402; x_wconf 79' lang='lat' dir='ltr'><strong>Richter</strong></span> <span class='ocrx_word' id='word_1_309' title='bbox 727 2367 1014 2401; x_wconf 69' lang='lat' dir='ltr'><strong>bibliothecarius</strong></span> <span class='ocrx_word' id='word_1_310' title='bbox 1049 2367 1284 2401; x_wconf 78' lang='lat' dir='ltr'><strong>olomucensis</strong></span> <span class='ocrx_word' id='word_1_311' title='bbox 1316 2368 1355 2400; x_wconf 84' lang='lat' dir='ltr'><strong>in</strong></span> <span class='ocrx_word' id='word_1_312' title='bbox 1389 2367 1520 2401; x_wconf 78' lang='lat' dir='ltr'><strong>litteris</strong></span> <span class='ocrx_word' id='word_1_313' title='bbox 1551 2367 1600 2400; x_wconf 89' lang='lat' dir='ltr'><strong>ad</strong></span> <span class='ocrx_word' id='word_1_314' title='bbox 1633 2378 1687 2400; x_wconf 88' lang='lat' dir='ltr'><strong>me</strong></span> 
     </span>
     <span class='ocr_line' id='line_1_36' title="bbox 124 2414 1684 2458; baseline 0.002 -13"><span class='ocrx_word' id='word_1_315' title='bbox 124 2414 222 2447; x_wconf 77' lang='lat' dir='ltr'><strong>datis</strong></span> <span class='ocrx_word' id='word_1_316' title='bbox 245 2415 471 2448; x_wconf 82' lang='lat' dir='ltr'><strong>munitionem</strong></span> <span class='ocrx_word' id='word_1_317' title='bbox 497 2415 588 2448; x_wconf 79' lang='lat' dir='ltr'><strong>hanc</strong></span> <span class='ocrx_word' id='word_1_318' title='bbox 607 2424 679 2458; x_wconf 79' lang='lat' dir='ltr'><strong>pro</strong></span> <span class='ocrx_word' id='word_1_319' title='bbox 702 2415 855 2448; x_wconf 79' lang='lat' dir='ltr'><strong>Domina</strong></span> <span class='ocrx_word' id='word_1_320' title='bbox 889 2415 1000 2457; x_wconf 81' lang='lat' dir='ltr'><strong>habet,</strong></span> <span class='ocrx_word' id='word_1_321' title='bbox 1036 2416 1096 2448; x_wconf 81' lang='lat' dir='ltr'><strong>cui</strong></span> <span class='ocrx_word' id='word_1_322' title='bbox 1123 2419 1311 2458; x_wconf 71' lang='lat' dir='ltr'><strong>propterea</strong></span> <span class='ocrx_word' id='word_1_323' title='bbox 1342 2415 1513 2448; x_wconf 72' lang='lat' dir='ltr'><strong>assentiri</strong></span> <span class='ocrx_word' id='word_1_324' title='bbox 1544 2425 1684 2458; x_wconf 79' lang='lat' dir='ltr'><strong>nequeo,</strong></span> 
     </span>
     <span class='ocr_line' id='line_1_37' title="bbox 125 2459 1686 2506; baseline 0.001 -14"><span class='ocrx_word' id='word_1_325' title='bbox 125 2460 217 2503; x_wconf 76' lang='lat' dir='ltr'><strong>quod</strong></span> <span class='ocrx_word' id='word_1_326' title='bbox 236 2460 386 2494; x_wconf 73' lang='lat' dir='ltr'><strong>Domina</strong></span> <span class='ocrx_word' id='word_1_327' title='bbox 410 2462 449 2494; x_wconf 83' lang='lat' dir='ltr'><strong>in</strong></span> <span class='ocrx_word' id='word_1_328' title='bbox 473 2472 562 2506; x_wconf 75' lang='lat' dir='ltr'><strong>rupe</strong></span> <span class='ocrx_word' id='word_1_329' title='bbox 585 2465 783 2495; x_wconf 70' lang='lat' dir='ltr'><strong>constructa</strong></span> <span class='ocrx_word' id='word_1_330' title='bbox 806 2466 838 2495; x_wconf 85' lang='lat' dir='ltr'><strong>et</strong></span> <span class='ocrx_word' id='word_1_331' title='bbox 862 2463 979 2495; x_wconf 81' lang='lat' dir='ltr'><strong>muris</strong></span> <span class='ocrx_word' id='word_1_332' title='bbox 1003 2461 1155 2505; x_wconf 79' lang='lat' dir='ltr'><strong>lapideis</strong></span> <span class='ocrx_word' id='word_1_333' title='bbox 1173 2462 1312 2494; x_wconf 80' lang='lat' dir='ltr'><strong>munita</strong></span> <span class='ocrx_word' id='word_1_334' title='bbox 1336 2471 1407 2495; x_wconf 85' lang='lat' dir='ltr'><strong>non</strong></span> <span class='ocrx_word' id='word_1_335' title='bbox 1430 2459 1622 2495; x_wconf 87' lang='lat' dir='ltr'><strong>ineffabilis</strong></span> <span class='ocrx_word' id='word_1_336' title='bbox 1649 2463 1686 2495; x_wconf 87' lang='lat' dir='ltr'><strong>et</strong></span> 
     </span>
     <span class='ocr_line' id='line_1_38' title="bbox 125 2506 1685 2552; baseline 0.001 -12"><span class='ocrx_word' id='word_1_337' title='bbox 125 2506 294 2540; x_wconf 82' lang='lat' dir='ltr'><strong>omnibus</strong></span> <span class='ocrx_word' id='word_1_338' title='bbox 311 2506 564 2550; x_wconf 79' lang='lat' dir='ltr'><strong>antiquissimis</strong></span> <span class='ocrx_word' id='word_1_339' title='bbox 581 2507 760 2542; x_wconf 78' lang='lat' dir='ltr'><strong>dissimilis</strong></span> <span class='ocrx_word' id='word_1_340' title='bbox 784 2508 858 2542; x_wconf 74' lang='lat' dir='ltr'><strong>dici</strong></span> <span class='ocrx_word' id='word_1_341' title='bbox 875 2509 995 2552; x_wconf 80' lang='lat' dir='ltr'><strong>potuit</strong></span> <span class='ocrx_word' id='word_1_342' title='bbox 1017 2519 1078 2542; x_wconf 78' lang='lat' dir='ltr'><strong>nec</strong></span> <span class='ocrx_word' id='word_1_343' title='bbox 1098 2509 1235 2542; x_wconf 81' lang='lat' dir='ltr'><strong>moenia</strong></span> <span class='ocrx_word' id='word_1_344' title='bbox 1252 2509 1328 2542; x_wconf 81' lang='lat' dir='ltr'><strong>eius</strong></span> <span class='ocrx_word' id='word_1_345' title='bbox 1343 2509 1504 2542; x_wconf 74' lang='lat' dir='ltr'><strong>incendio</strong></span> <span class='ocrx_word' id='word_1_346' title='bbox 1519 2509 1685 2544; x_wconf 76' lang='lat' dir='ltr'><strong>cremari.</strong></span> 
     </span>
     <span class='ocr_line' id='line_1_39' title="bbox 125 2553 1687 2599; baseline 0.001 -13"><span class='ocrx_word' id='word_1_347' title='bbox 125 2553 257 2587; x_wconf 84' lang='lat' dir='ltr'><strong>Locum</strong></span> <span class='ocrx_word' id='word_1_348' title='bbox 283 2555 397 2596; x_wconf 73' lang='lat' dir='ltr'><strong>iqitur</strong></span> <span class='ocrx_word' id='word_1_349' title='bbox 416 2555 652 2599; x_wconf 82' lang='lat' dir='ltr'><strong>peramplum,</strong></span> <span class='ocrx_word' id='word_1_350' title='bbox 678 2555 850 2589; x_wconf 71' lang='lat' dir='ltr'><strong>arbai-um</strong></span> <span class='ocrx_word' id='word_1_351' title='bbox 873 2556 1032 2598; x_wconf 75' lang='lat' dir='ltr'><strong>conyerie</strong></span> <span class='ocrx_word' id='word_1_352' title='bbox 1056 2555 1109 2589; x_wconf 83' lang='lat' dir='ltr'><strong>vel</strong></span> <span class='ocrx_word' id='word_1_353' title='bbox 1126 2556 1277 2589; x_wconf 81' lang='lat' dir='ltr'><strong>dumetis</strong></span> <span class='ocrx_word' id='word_1_354' title='bbox 1292 2556 1468 2588; x_wconf 81' lang='lat' dir='ltr'><strong>munitum</strong></span> <span class='ocrx_word' id='word_1_355' title='bbox 1485 2555 1596 2597; x_wconf 77' lang='lat' dir='ltr'><strong>fuisse</strong></span> <span class='ocrx_word' id='word_1_356' title='bbox 1611 2565 1687 2588; x_wconf 80' lang='lat' dir='ltr'><strong>ere-</strong></span> 
     </span>
     <span class='ocr_line' id='line_1_40' title="bbox 125 2601 1687 2646; baseline 0.002 -13"><span class='ocrx_word' id='word_1_357' title='bbox 125 2601 290 2636; x_wconf 82' lang='lat' dir='ltr'><strong>diderim.</strong></span> <span class='ocrx_word' id='word_1_358' title='bbox 323 2601 364 2636; x_wconf 93' lang='lat' dir='ltr'><strong>P.</strong></span> <span class='ocrx_word' id='word_1_359' title='bbox 411 2601 540 2635; x_wconf 82' lang='lat' dir='ltr'><strong>Tamen</strong></span> <span class='ocrx_word' id='word_1_360' title='bbox 563 2612 625 2645; x_wconf 69' lang='lat' dir='ltr'><strong>eqo</strong></span> <span class='ocrx_word' id='word_1_361' title='bbox 648 2602 814 2636; x_wconf 77' lang='lat' dir='ltr'><strong>Richtero</strong></span> <span class='ocrx_word' id='word_1_362' title='bbox 837 2603 1096 2636; x_wconf 76' lang='lat' dir='ltr'><strong>assentiendum</strong></span> <span class='ocrx_word' id='word_1_363' title='bbox 1120 2612 1190 2636; x_wconf 83' lang='lat' dir='ltr'><strong>esse</strong></span> <span class='ocrx_word' id='word_1_364' title='bbox 1213 2612 1339 2645; x_wconf 82' lang='lat' dir='ltr'><strong>censeo,</strong></span> <span class='ocrx_word' id='word_1_365' title='bbox 1364 2602 1537 2646; x_wconf 74' lang='lat' dir='ltr'><strong>siquidem</strong></span> <span class='ocrx_word' id='word_1_366' title='bbox 1560 2606 1687 2636; x_wconf 73' lang='lat' dir='ltr'><strong>auctm-</strong></span> 
     </span>
     <span class='ocr_line' id='line_1_41' title="bbox 124 2647 1689 2693; baseline 0.001 -13"><span class='ocrx_word' id='word_1_367' title='bbox 124 2647 167 2680; x_wconf 88' lang='lat' dir='ltr'><strong>de</strong></span> <span class='ocrx_word' id='word_1_368' title='bbox 191 2648 275 2680; x_wconf 83' lang='lat' dir='ltr'><strong>urbe</strong></span> <span class='ocrx_word' id='word_1_369' title='bbox 299 2648 451 2691; x_wconf 52' lang='lat' dir='ltr'><strong>Bastia,</strong></span> <span class='ocrx_word' id='word_1_370' title='bbox 477 2659 583 2692; x_wconf 77' lang='lat' dir='ltr'><strong>quam</strong></span> <span class='ocrx_word' id='word_1_371' title='bbox 608 2648 665 2682; x_wconf 80' lang='lat' dir='ltr'><strong>hic</strong></span> <span class='ocrx_word' id='word_1_372' title='bbox 688 2653 720 2683; x_wconf 86' lang='lat' dir='ltr'><strong>et</strong></span> <span class='ocrx_word' id='word_1_373' title='bbox 743 2649 847 2691; x_wconf 82' lang='lat' dir='ltr'><strong>infra</strong></span> <span class='ocrx_word' id='word_1_374' title='bbox 871 2650 921 2683; x_wconf 87' lang='lat' dir='ltr'><strong>ad</strong></span> <span class='ocrx_word' id='word_1_375' title='bbox 944 2660 978 2685; x_wconf 89' lang='lat' dir='ltr'><strong>a.</strong></span> <span class='ocrx_word' id='word_1_376' title='bbox 1003 2651 1085 2685; x_wconf 90' lang='grc'><strong>871.</strong></span> <span class='ocrx_word' id='word_1_377' title='bbox 1110 2649 1207 2692; x_wconf 81' lang='lat' dir='ltr'><strong>dicit,</strong></span> <span class='ocrx_word' id='word_1_378' title='bbox 1241 2649 1334 2682; x_wconf 78' lang='lat' dir='ltr'><strong>hunc</strong></span> <span class='ocrx_word' id='word_1_379' title='bbox 1358 2650 1398 2682; x_wconf 81' lang='lat' dir='ltr'><strong>in</strong></span> <span class='ocrx_word' id='word_1_380' title='bbox 1422 2649 1563 2683; x_wconf 83' lang='lat' dir='ltr'><strong>modum</strong></span> <span class='ocrx_word' id='word_1_381' title='bbox 1589 2649 1689 2693; x_wconf 75' lang='lat' dir='ltr'><strong>loqui</strong></span> 
     </span>
     <span class='ocr_line' id='line_1_42' title="bbox 124 2695 1684 2739; baseline 0.002 -12"><span class='ocrx_word' id='word_1_382' title='bbox 124 2695 186 2728; x_wconf 70' lang='lat' dir='ltr'><strong>via:</strong></span> <span class='ocrx_word' id='word_1_383' title='bbox 206 2696 333 2738; x_wconf 80' lang='lat' dir='ltr'><strong>potuit,</strong></span> <span class='ocrx_word' id='word_1_384' title='bbox 359 2696 434 2729; x_wconf 80' lang='lat' dir='ltr'><strong>nisi</strong></span> <span class='ocrx_word' id='word_1_385' title='bbox 455 2705 579 2729; x_wconf 83' lang='lat' dir='ltr'><strong>nomen</strong></span> <span class='ocrx_word' id='word_1_386' title='bbox 602 2697 678 2730; x_wconf 79' lang='lat' dir='ltr'><strong>eius</strong></span> <span class='ocrx_word' id='word_1_387' title='bbox 701 2697 775 2729; x_wconf 76' lang='lat' dir='ltr'><strong>iam</strong></span> <span class='ocrx_word' id='word_1_388' title='bbox 799 2700 903 2730; x_wconf 84' lang='lat' dir='ltr'><strong>antea</strong></span> <span class='ocrx_word' id='word_1_389' title='bbox 928 2697 1270 2732; x_wconf 68' lang='lat' dir='ltr'><strong>commemoravi-sset.</strong></span> <span class='ocrx_word' id='word_1_390' title='bbox 1313 2696 1388 2730; x_wconf 79' lang='lat' dir='ltr'><strong>Cur</strong></span> <span class='ocrx_word' id='word_1_391' title='bbox 1410 2696 1561 2730; x_wconf 79' lang='lat' dir='ltr'><strong>Dowina</strong></span> <span class='ocrx_word' id='word_1_392' title='bbox 1584 2696 1684 2739; x_wconf 82' lang='lat' dir='ltr'><strong>urbs,</strong></span> 
     </span>
     <span class='ocr_line' id='line_1_43' title="bbox 123 2742 1689 2787; baseline 0.001 -12"><span class='ocrx_word' id='word_1_393' title='bbox 123 2742 265 2775; x_wconf 78' lang='lat' dir='ltr'><strong>etiamsi</strong></span> <span class='ocrx_word' id='word_1_394' title='bbox 284 2742 418 2775; x_wconf 77' lang='lat' dir='ltr'><strong>Theben</strong></span> <span class='ocrx_word' id='word_1_395' title='bbox 435 2743 558 2786; x_wconf 71' lang='lat' dir='ltr'><strong>fuerit,</strong></span> <span class='ocrx_word' id='word_1_396' title='bbox 585 2743 746 2776; x_wconf 77' lang='lat' dir='ltr'><strong>omnibus</strong></span> <span class='ocrx_word' id='word_1_397' title='bbox 761 2744 1022 2786; x_wconf 76' lang='lat' dir='ltr'><strong>antiquissimis</strong></span> <span class='ocrx_word' id='word_1_398' title='bbox 1045 2743 1235 2777; x_wconf 79' lang='lat' dir='ltr'><strong>dissimilis</strong></span> <span class='ocrx_word' id='word_1_399' title='bbox 1257 2743 1331 2776; x_wconf 77' lang='lat' dir='ltr'><strong>dici</strong></span> <span class='ocrx_word' id='word_1_400' title='bbox 1353 2753 1423 2777; x_wconf 86' lang='lat' dir='ltr'><strong>non</strong></span> <span class='ocrx_word' id='word_1_401' title='bbox 1443 2744 1567 2787; x_wconf 79' lang='lat' dir='ltr'><strong>possit,</strong></span> <span class='ocrx_word' id='word_1_402' title='bbox 1593 2743 1689 2777; x_wconf 77' lang='lat' dir='ltr'><strong>mihi</strong></span> 
     </span>
     <span class='ocr_line' id='line_1_44' title="bbox 123 2789 1686 2832; baseline 0.001 -10"><span class='ocrx_word' id='word_1_403' title='bbox 123 2799 195 2822; x_wconf 87' lang='lat' dir='ltr'><strong>non</strong></span> <span class='ocrx_word' id='word_1_404' title='bbox 230 2789 358 2832; x_wconf 55' lang='lat' dir='ltr'><strong>liquem</strong></span> <span class='ocrx_word' id='word_1_405' title='bbox 391 2790 527 2823; x_wconf 82' lang='lat' dir='ltr'><strong>moenia</strong></span> <span class='ocrx_word' id='word_1_406' title='bbox 560 2794 677 2823; x_wconf 86' lang='lat' dir='ltr'><strong>autem</strong></span> <span class='ocrx_word' id='word_1_407' title='bbox 709 2791 787 2823; x_wconf 82' lang='lat' dir='ltr'><strong>eius</strong></span> <span class='ocrx_word' id='word_1_408' title='bbox 819 2794 901 2823; x_wconf 86' lang='lat' dir='ltr'><strong>tunc</strong></span> <span class='ocrx_word' id='word_1_409' title='bbox 930 2790 1090 2823; x_wconf 76' lang='lat' dir='ltr'><strong>incendio</strong></span> <span class='ocrx_word' id='word_1_410' title='bbox 1119 2794 1275 2823; x_wconf 85' lang='lat' dir='ltr'><strong>cremata</strong></span> <span class='ocrx_word' id='word_1_411' title='bbox 1298 2801 1369 2824; x_wconf 78' lang='lat' dir='ltr'><strong>esse</strong></span> <span class='ocrx_word' id='word_1_412' title='bbox 1392 2794 1517 2824; x_wconf 66' lang='lat' dir='ltr'><strong>auam·</strong></span> <span class='ocrx_word' id='word_1_413' title='bbox 1539 2791 1686 2824; x_wconf 78' lang='lat' dir='ltr'><strong>minime</strong></span> 
     </span>
     <span class='ocr_line' id='line_1_45' title="bbox 122 2836 1684 2881; baseline 0.003 -13"><span class='ocrx_word' id='word_1_414' title='bbox 122 2836 318 2876; x_wconf 79' lang='lat' dir='ltr'><strong>contendit,·</strong></span> <span class='ocrx_word' id='word_1_415' title='bbox 342 2837 387 2878; x_wconf 83' lang='lat' dir='ltr'><strong>cf.</strong></span> <span class='ocrx_word' id='word_1_416' title='bbox 406 2836 592 2870; x_wconf 69' lang='lat' dir='ltr'><strong>Dammler</strong></span> <span class='ocrx_word' id='word_1_417' title='bbox 616 2836 668 2879; x_wconf 91' lang='lat' dir='ltr'><strong>II,</strong></span> <span class='ocrx_word' id='word_1_418' title='bbox 689 2848 729 2881; x_wconf 87' lang='lat' dir='ltr'><strong>p.</strong></span> <span class='ocrx_word' id='word_1_419' title='bbox 746 2837 828 2872; x_wconf 81' lang='lat'><strong>278.</strong></span> <span class='ocrx_word' id='word_1_420' title='bbox 866 2837 1017 2879; x_wconf 79' lang='lat' dir='ltr'><strong>Accedit,</strong></span> <span class='ocrx_word' id='word_1_421' title='bbox 1043 2837 1135 2880; x_wconf 78' lang='lat' dir='ltr'><strong>quod</strong></span> <span class='ocrx_word' id='word_1_422' title='bbox 1158 2837 1200 2871; x_wconf 86' lang='lat' dir='ltr'><strong>de</strong></span> <span class='ocrx_word' id='word_1_423' title='bbox 1223 2838 1296 2871; x_wconf 82' lang='lat' dir='ltr'><strong>situ</strong></span> <span class='ocrx_word' id='word_1_424' title='bbox 1319 2837 1422 2871; x_wconf 75' lang='lat' dir='ltr'><strong>urbis</strong></span> <span class='ocrx_word' id='word_1_425' title='bbox 1444 2847 1516 2871; x_wconf 85' lang='lat' dir='ltr'><strong>non</strong></span> <span class='ocrx_word' id='word_1_426' title='bbox 1537 2842 1684 2873; x_wconf 68' lang='lat' dir='ltr'><strong>emtstat.</strong></span> 
     </span>
     <span class='ocr_line' id='line_1_46' title="bbox 123 2883 1686 2929; baseline 0 -11"><span class='ocrx_word' id='word_1_427' title='bbox 123 2883 161 2924; x_wconf 79' lang='lat'><strong>2)</strong></span> <span class='ocrx_word' id='word_1_428' title='bbox 193 2883 310 2917; x_wconf 84' lang='lat' dir='ltr'><strong>Mense</strong></span> <span class='ocrx_word' id='word_1_429' title='bbox 343 2884 505 2926; x_wconf 71' lang='lat' dir='ltr'><strong>Auyusto</strong></span> <span class='ocrx_word' id='word_1_430' title='bbox 537 2887 680 2917; x_wconf 68' lang='lat' dir='ltr'><strong>est-eunte</strong></span> <span class='ocrx_word' id='word_1_431' title='bbox 708 2884 890 2927; x_wconf 76' lang='lat' dir='ltr'><strong>profectus</strong></span> <span class='ocrx_word' id='word_1_432' title='bbox 922 2884 1084 2918; x_wconf 82' lang='lat' dir='ltr'><strong>Karolus</strong></span> <span class='ocrx_word' id='word_1_433' title='bbox 1116 2884 1288 2918; x_wconf 77' lang='lat' dir='ltr'><strong>Adventio</strong></span> <span class='ocrx_word' id='word_1_434' title='bbox 1323 2885 1481 2929; x_wconf 76' lang='lat' dir='ltr'><strong>episcopo</strong></span> <span class='ocrx_word' id='word_1_435' title='bbox 1514 2886 1686 2918; x_wconf 76' lang='lat' dir='ltr'><strong>invitante</strong></span> 
     </span>
     <span class='ocr_line' id='line_1_47' title="bbox 123 2929 1377 2976; baseline 0.004 -14"><span class='ocrx_word' id='word_1_436' title='bbox 123 2929 217 2974; x_wconf 82' lang='lat' dir='ltr'><strong>Sept.</strong></span> <span class='ocrx_word' id='word_1_437' title='bbox 244 2931 276 2966; x_wconf 86' lang='lat'><strong>5.</strong></span> <span class='ocrx_word' id='word_1_438' title='bbox 301 2930 350 2963; x_wconf 85' lang='lat' dir='ltr'><strong>ad</strong></span> <span class='ocrx_word' id='word_1_439' title='bbox 374 2931 494 2965; x_wconf 81' lang='lat' dir='ltr'><strong>urbem</strong></span> <span class='ocrx_word' id='word_1_440' title='bbox 519 2931 718 2965; x_wconf 79' lang='lat' dir='ltr'><strong>Mettensem</strong></span> <span class='ocrx_word' id='word_1_441' title='bbox 743 2932 857 2972; x_wconf 84' lang='lat' dir='ltr'><strong>venit,·</strong></span> <span class='ocrx_word' id='word_1_442' title='bbox 881 2931 1068 2965; x_wconf 63' lang='lat' dir='ltr'><strong>Dammler</strong></span> <span class='ocrx_word' id='word_1_443' title='bbox 1091 2930 1144 2974; x_wconf 85' lang='lat' dir='ltr'><strong>II,</strong></span> <span class='ocrx_word' id='word_1_444' title='bbox 1166 2943 1204 2976; x_wconf 84' lang='lat' dir='ltr'><strong>p.</strong></span> <span class='ocrx_word' id='word_1_445' title='bbox 1229 2931 1300 2967; x_wconf 83' lang='lat'><strong>282</strong></span> <span class='ocrx_word' id='word_1_446' title='bbox 1324 2942 1377 2976; x_wconf 76' lang='lat' dir='ltr'><strong>sq.</strong></span> 
     </span>
    </p>
   </div>
  </div>
 </body>
</html>
