2020 3358
467 297 706 334 AUCTORE
731 296 1011 335 EINHARDO.
1059 298 1107 335 A.
1132 301 1330 336 805—810.
1638 301 1681 336 17

119 416 334 462 praedatum
359 415 482 450 venire
508 417 780 457 consueverant,
813 414 1044 458 defenderet3
1079 425 1101 448 a
1132 426 1155 458 q
1166 426 1189 448 ιι
1201 426 1241 458 ο,
1274 426 1293 449 c
1302 427 1325 448 u
1334 426 1372 448 m
1402 426 1472 450 ven
1482 415 1494 450 i
1504 427 1523 450 r
1533 427 1552 451 e
1562 427 1587 450 n
1597 418 1613 450 t
1638 427 1657 451 e
1666 419 1682 450 t

122 475 223 499 cum
249 474 301 498 eo
326 463 599 505 decertarent,
632 461 719 496 victi
744 473 786 496 ac
810 461 926 507 fugati
950 464 1035 495 sunt
1059 461 1196 495 amissis
1229 461 1446 496 duodecim
1470 463 1621 497 navibus
1646 466 1683 498 et

121 510 285 556 plurimis
310 520 458 543 suorum
483 508 692 544 interfectis.

262 554 496 591 DCCCVIH.
538 554 786 590 Godafridusa
807 566 873 590 rex
888 554 1088 597 Danorum,
1113 554 1314 589 Abodritos
1337 554 1434 589 bello
1452 554 1675 601 adgressosb

120 603 326 648 quamvis
349 603 472 637 multis
489 602 700 637 afficeretc
731 602 906 644 malis¹,
932 613 1015 636 cum
1041 612 1174 647 magno
1194 604 1342 636 tamen
1368 601 1581 646 eopiarumd
1603 614 1682 637 sua-

119 662 202 685 rum
219 650 437 685 detrimento
462 649 624 693 rediit,
649 648 890 694 Reginoldoe
921 647 1004 682 filio
1029 648 1150 683 fratris
1175 648 1230 682 sui
1255 651 1300 683 et
1325 647 1506 693 optimisf
1526 649 1683 683 militum

120 709 268 732 suorum
301 700 338 731 et
369 707 480 731 manu
514 696 890 740 promptissimorum
923 695 1012 730 amis
1022 706 1038 730 s
1048 695 1060 729 i
1070 706 1098 732 s.
1147 694 1273 730 Carlus
1287 701 1311 728 8
1347 706 1399 730 ve
1409 707 1428 729 r
1438 706 1459 730 o
1490 694 1586 730 filius
1616 696 1682 730 im-

119 743 307 789 peratoris,
345 755 367 788 q
378 755 402 777 ιι
412 744 425 778 i
458 755 479 778 a
488 743 512 777 d
545 743 671 778 resiste
679 754 704 777 ιι
713 742 737 777 d
746 754 770 776 ιι
779 754 816 777 ιιι
851 753 871 777 e
880 742 912 785 i,
950 742 980 776 si
991 741 1012 768 h
1050 741 1173 777 saxon
1182 754 1206 776 u
1215 754 1252 776 m
1285 742 1461 777 terminos
1495 742 1645 788 adgredi
1658 742 1676 769 b

119 794 326 845 temptaret,
361 790 581 825 directus
605 789 786 832 fuerat,
819 768 968 824 Albi'am
992 792 1105 834 ponte
1129 789 1247 823 iunxit
1272 792 1309 824 et
1333 800 1434 824 cum
1460 789 1682 834 exercitui,

121 839 180 874 cui
203 840 371 883 praeerat
383 837 423 881 k,
453 837 491 871 in
514 836 675 871 Linones
700 839 738 871 et
762 815 1036 881 S'meldingosl,
1068 836 1130 880 qui
1162 839 1199 871 et
1222 836 1291 880 ipsi
1315 836 1362 871 ad
1386 835 1683 872 Godafridumm

122 885 342 928 defecerant,
367 887 504 928 quanta
526 884 646 928 potuit
663 883 859 927 celeritate,
883 883 1106 927 transposuit
1130 883 1384 928 populatisque
1402 883 1683 937 circumquaque

121 943 247 968 eorum
272 932 367 976 agris
393 934 439 966 et
462 931 614 966 transito
640 930 772 966 iterum
796 930 946 965 flumine
972 942 1056 965 cum
1079 930 1251 965 incolomi
1266 937 1287 956 ¹¹
1318 930 1479 965 exercitu
1507 930 1545 964 in
1570 929 1683 965 Saxo-

120 980 218 1014 niam
237 990 274 1014 se
291 978 439 1022 recepit.
487 977 666 1013 Eardulfo
689 989 754 1012 rex
771 977 1137 1012 Nordanumbrorum
1150 984 1170 1011 1)
1193 988 1307 1023 regno
1333 980 1397 1012 etq
1426 977 1545 1022 patria
1559 978 1683 1022 pulsus

121 1026 168 1061 ad
204 1026 462 1070 imperatorem
497 1025 597 1060 venit
633 1027 670 1060 et
705 1024 888 1069 patefacto
926 1024 1101 1059 adventus
1139 1024 1193 1058 sui
1225 1024 1373 1070 negotio
1406 1023 1563 1059 Romam
1599 1035 1683 1069 pro-

121 1073 304 1109 ficiscitur.

263 1118 519 1155 DOCGVIHI.
555 1119 710 1154 Dertosa
720 1125 736 1144 r
757 1118 881 1153 civitas
894 1117 1118 1163 Hispaniaes
1139 1129 1161 1153 a
1172 1117 1391 1153 ffludowico
1402 1118 1415 1144 t
1438 1117 1512 1152 filio
1530 1118 1682 1163 impera-

122 1167 211 1202 toris
228 1167 414 1211 obsessau‚
440 1166 538 1200 sed²
563 1177 650 1200 non
676 1168 878 1211 expugnat
886 1172 934 1200 av
964 1168 1040 1202 est.
1153 1165 1355 1200 Eardulfus
1372 1176 1436 1199 rex
1452 1165 1683 1200 Nox-danum-

121 1214 272 1249 brorum
284 1221 304 1247 Ρ
327 1213 364 1247 in
380 1224 534 1258 regnum
552 1224 657 1247 suum
665 1219 694 1239 W
711 1212 882 1247 reductus
900 1214 954 1246 est
969 1223 1035 1256 per
1051 1212 1189 1257 legatos
1206 1212 1433 1257 imperatoris
1459 1216 1502 1247 et
1516 1212 1683 1247 Leonis

122 1272 283 1305 papae.
426 1259 495 1294 His
520 1260 822 1304 temporibus
848 1259 1040 1294 concilium
1066 1259 1265 1294 habitum
1291 1263 1365 1294 est
1389 1259 1434 1294 de
1454 1259 1684 1304 processione

124 1307 278 1352 Spiritus
313 1307 438 1350 sancti,
472 1318 580 1351 quam
606 1306 881 1351 quaestionemx
910 1305 1092 1340 Iohannes
1117 1306 1264 1350 quidam
1289 1306 1488 1341 monachus
1501 1313 1523 1340 y
1547 1305 1683 1347 *Hiero-

123 1354 257 1389 solimis
269 1362 284 1380 Ζ
314 1354 432 1398 primo
457 1354 670 1398 commovit3
703 1354 803 1388 cuius
835 1352 1061 1387 definiendae
1087 1364 1194 1388 causa
1216 1352 1466 1387 Bernhariusa
1496 1353 1684 1398 episcopus

123 1401 172 1435 W
183 1413 203 1435 a
214 1413 237 1434 n
247 1401 325 1445 gio
336 1413 360 1434 ιι
370 1413 394 1434 ιι
404 1412 441 1434 ιιι
467 1403 504 1435 et
527 1400 758 1434 Adalhardus
770 1399 790 1426 b
822 1400 932 1434 abbas
958 1399 1132 1434 Oorbeiae
1141 1406 1158 1426 c
1189 1398 1427 1434 monasterii(¹
1455 1399 1613 1439 Romam
1638 1400 1685 1434 ad

122 1447 284 1482 Leonem
309 1458 441 1491 papam
465 1447 564 1481 missi
589 1450 683 1482 sunt.
731 1445 938 1491 Imperator
954 1450 1087 1490 autem,
1113 1458 1196 1481 cum
1222 1446 1255 1481 ei
1279 1447 1395 1481 multa
1419 1446 1464 1481 de
1481 1446 1677 1481 iactantiae

123 1498 160 1529 et
179 1494 346 1538 superbia
362 1494 456 1538 regis
473 1493 660 1528 Danorum
678 1494 933 1528 nuntiarentur
943 1492 975 1537 f,
1001 1493 1047 1527 iu
1057 1504 1072 1527 s
1083 1493 1129 1527 sit
1147 1496 1306 1528 castrum
1323 1492 1488 1528 Esesfeld
1499 1500 1536 1526 g·
1547 1494 1560 1513 ⁸
1584 1497 1684 1528 trans

122 1541 269 1576 Albiam
307 1540 497 1575 aedificare
509 1539 628 1576 1¹.I
638 1551 662 1574 n
673 1543 687 1574 t
697 1551 717 1574 e
726 1552 746 1574 r
755 1551 774 1575 e
786 1551 807 1574 a
844 1540 1003 1575 Thra-sco
1041 1540 1115 1574 dux
1144 1540 1410 1575 Abodritorum
1422 1539 1433 1566 i
1446 1566 1455 1584 ‚
1491 1543 1684 1585 postquam

122 1600 224 1623 cum
249 1588 381 1622 auxilio
407 1587 607 1622 Saxonum
633 1586 798 1622 Wilzosk
827 1590 864 1622 et
888 1586 1146 1633 smeldingos
1173 1587 1452 1632 perdomuit
1476 1591 1523 1622 et
1547 1599 1683 1631 omnes,

122 1635 184 1679 qui
218 1647 239 1669 a
273 1646 288 1669 s
300 1647 319 1669 e
352 1634 570 1677 defecerant,
608 1634 740 1669 reverti
778 1634 908 1679 coegit,
954 1635 992 1668 in
1025 1634 1187 1679 emporio
1198 1633 1211 1660 l
1253 1634 1364 1670 Reric
1398 1635 1443 1670 ab
1477 1635 1683 1670 hominibus

122 1681 368 1717 Godafridjm
392 1693 459 1726 per
483 1681 607 1716 dolum
632 1681 843 1716 interfectus
869 1684 932 1718 est.

262 1728 726 1766 DOOGX.Hru0dd1—udn
744 1728 843 1763 filiao
866 1729 1104 1773 imperatoris,
1123 1740 1216 1773 quae
1232 1731 1321 1764 natu
1338 1729 1455 1764 maior
1471 1731 1559 1772 erat,
1572 1728 1682 1764 VIH.

120 1775 177 1812 Id.
190 1775 288 1810 Iunii
301 1776 397 1810 diem
411 1776 512 1812 obiit.
540 1775 747 1821 Imperator
759 1787 845 1810 vero
858 1776 1080 1821 Aquisgrani
1093 1776 1211 1811 adhuc
1229 1779 1339 1822 agens
1357 1778 1394 1811 et
1411 1779 1538 1811 contra
1551 1775 1683 1811 Goda-

120 1823 255 1858 fridum
269 1830 288 1856 P
310 1834 435 1868 regem
453 1823 748 1867 expeditionemq
770 1823 948 1858 meditans
966 1823 1134 1858 nuntium
1146 1822 1162 1850 f
1185 1823 1326 1868 accepit
1342 1824 1491 1859 classem
1512 1823 1683 1858 ducenta-

119 1881 202 1904 rum
227 1870 372 1904 navium
399 1870 444 1904 de
466 1869 744 1905 Nordmanniar
769 1870 923 1905 Frisiam
949 1871 1127 1915 appulisse
1153 1873 1344 1915 totasques
1369 1869 1528 1906 Frisiaco
1554 1870 1674 1904 litorit

121 1917 324 1952 adiacentes
357 1918 491 1951 insulas
516 1928 593 1952 esse
617 1920 773 1952 vastatas
797 1918 943 1961 iamque
968 1918 1167 1952 exercitum
1193 1918 1294 1952 illum
1319 1917 1357 1952 in
1382 1917 1582 1952 continenti
1607 1928 1684 1952 esse

121 2037 150 2065 a)
169 2033 333 2066 gotafridus
354 2036 385 2067 1;
413 2033 587 2067 godofridus
607 2036 632 2062 3.
713 2035 743 2066 b)
763 2042 843 2067 aggr.
863 2036 888 2063 1.
970 2037 997 2066 c)
1016 2035 1139 2062 aficeret
1158 2036 1183 2063 3.
1265 2034 1296 2066 d)
1315 2036 1433 2068 copium
1453 2036 1478 2063 1.
1560 2035 1588 2068 e)
1607 2035 1685 2068 regi-

121 2071 203 2095 nolto
224 2071 247 2097 1.
261 2071 286 2096 3.
351 2071 375 2101 f)
393 2070 512 2096 obtimis
532 2071 557 2098 3.
620 2071 650 2102 g)
669 2071 798 2096 Karolus
820 2072 844 2098 1.
857 2071 882 2098 2.
946 2071 978 2102 h)
996 2071 1071 2096 deest
1091 2071 1116 2098 3.
1179 2071 1202 2102 ί)
1221 2071 1352 2096 exertitu
1371 2072 1396 2099 3.
1468 2071 1500 2101 k)
1520 2073 1642 2102 preerat
1659 2072 1684 2098 1.

121 2106 143 2135 l)
162 2105 254 2131 semel
266 2104 371 2137 dingos
391 2112 474 2130 eraso
482 2107 587 2137 priore
606 2113 622 2131 e
640 2107 665 2133 3.
727 2108 767 2137 m)
785 2104 967 2138 gotafridum
987 2107 1011 2134 1.
1066 2105 1098 2139 n)
1117 2106 1258 2132 ineolumi
1278 2107 1302 2134 1.
1315 2106 1340 2134 2.
1397 2107 1426 2136 ο)
1445 2105 1608 2131 Eardulfus
1622 2107 1646 2133 1.
1659 2106 1685 2133 2.

122 2142 152 2173 p)
174 2139 451 2166 nordanimbrorum
471 2141 516 2168 3d.
570 2142 600 2173 q)
620 2141 650 2165 in
668 2141 762 2166 codice
775 2142 791 2166 3
810 2142 876 2166 hinc
894 2142 994 2173 incipit
1012 2142 1066 2173 fol.
1081 2143 1124 2173 11,
1144 2142 1220 2174 quod
1239 2149 1302 2166 cum
1315 2142 1483 2166 duodecimo
1496 2149 1557 2173 pro
1575 2141 1686 2166 duobus

116 2176 293 2207 principalis
310 2176 416 2201 codicia
427 2177 511 2207 foliis
524 2177 640 2201 amissis
653 2184 671 2201 a
683 2177 779 2201 scriba
791 2183 863 2203 saec.
877 2177 932 2204 XI.
953 2177 991 2201 ad
1009 2177 1198 2208 supplendam
1212 2177 1346 2201 lacunam
1360 2177 1491 2202 additum
1504 2179 1560 2207 est5
1578 2177 1631 2207 fol.
1643 2177 1685 2201 12¹

121 2212 222 2242 finitur
247 2219 274 2238 α.
293 2211 354 2238 814.
373 2210 492 2237 Deinde
511 2211 616 2237 simili:
644 2213 723 2236 intra
747 2212 801 2237 Imc
823 2212 949 2243 spatium
971 2212 1034 2238 cod.
1055 2212 1089 2238 3*
1113 2213 1196 2243 ³⁸¹an
1215 2215 1240 2237 et
1259 2213 1391 2237 lectiones
1408 2213 1556 2237 variantes
1573 2212 1634 2239 cod.
1653 2212 1685 2237 3⁶

121 2249 147 2271 et
172 2247 209 2271 δᾶ
234 2247 348 2278 adfero,
373 2247 422 2279 qui
447 2247 632 2272 intercedente
655 2247 716 2274 cod.
735 2247 772 2272 3α
797 2254 833 2272 ex
857 2247 918 2274 cod.
937 2248 964 2279 3,
990 2255 1047 2272 non
1071 2255 1107 2272 ea:
1130 2247 1165 2273 3*
1186 2248 1319 2279 pendent.
1418 2249 1444 2278 r)
1470 2246 1624 2273 desertosa
1642 2247 1685 2274 3*.

122 2283 148 2311 s)
168 2282 300 2313 Yspanie
319 2282 364 2309 301.
436 2284 460 2313 t)
479 2282 517 2308 ab
531 2280 680 2308 ludowico
700 2284 731 2315 1;
752 2281 843 2310 alud.
863 2283 895 2315 2;
915 2289 933 2308 a
947 2282 1019 2309 hlud
1038 2281 1088 2316 3*;
1110 2290 1128 2308 a
1147 2281 1317 2308 hludawico
1335 2282 1376 2310 30.
1448 2282 1479 2316 u)
1499 2283 1622 2308 obcessa
1640 2283 1685 2309 311.

122 2317 154 2347 v)
173 2315 373 2349 expugnanda
391 2317 438 2344 δᾶ.
528 2319 567 2348 w)
585 2318 660 2342 deest
678 2317 730 2350 3013
759 2318 791 2343 in
811 2325 835 2345 r.
854 2325 876 2345 s.
900 2318 958 2345 des.
976 2318 1017 2345 30.
1106 2319 1138 2349 x)
1157 2318 1343 2350 questionem
1363 2319 1388 2345 1.
1408 2317 1451 2345 3*.
1535 2319 1566 2350 y)
1585 2324 1687 2343 mona·-

123 2359 175 2377 cus
194 2352 270 2379 3ο.ἀ.
355 2355 382 2384 z)
400 2353 598 2378 iherosolimis
617 2353 695 2380 διιεῖ.
780 2354 810 2384 a)
829 2353 999 2379 bernharius
1019 2354 1065 2380 sd.
1149 2354 1179 2384 b)
1197 2352 1372 2379 adalhartus
1391 2353 1441 2386 3*;
1470 2351 1627 2378 adalhardi
1645 2354 1686 2380 30.

124 2389 151 2416 c)
171 2387 290 2412 corbiae
308 2388 351 2414 3⁴⁶.
447 2386 478 2418 d)
496 2389 677 2414 monasterie
696 2388 739 2416 3²⁸¹.
835 2390 864 2419 e)
883 2389 1010 2414 iatantia
1028 2389 1075 2416 301.
1171 2389 1196 2420 f)
1215 2396 1303 2416 nunc.
1322 2389 1368 2416 3d.
1458 2390 1488 2420 g)
1507 2387 1623 2413 hesseld
1641 2388 1684 2415 3*.

125 2422 157 2449 1ι)
177 2420 316 2448 edificare
337 2424 369 2455 1;
395 2421 548 2448 aedificari
567 2424 591 2450 2.
674 2423 696 2457 i)
714 2422 919 2450 obodritorum
939 2424 981 2452 3⁸.
1000 2424 1079 2451 aad.
1152 2424 1191 2455 k)
1210 2424 1313 2450 uulcos
1333 2424 1374 2452 80.
1461 2424 1482 2455 l)
1501 2424 1633 2456 emperie
1652 2425 1684 2456 13

124 2457 256 2482 emborio
276 2457 318 2484 3*.
400 2460 440 2489 m)
459 2459 565 2490 gotafr.
584 2458 634 2491 8*;
663 2457 777 2491 godefr.
796 2459 843 2492 3⁶3
872 2457 986 2491 godofr.
1006 2460 1052 2486 δά.
1135 2460 1167 2490 n)
1187 2458 1356 2485 hroutdrud
1375 2458 1415 2486 3*.
1500 2460 1528 2490 ο)
1547 2459 1621 2483 deest
1639 2459 1685 2486 sd.

125 2494 156 2524 p)
175 2490 286 2523 godefr.
305 2493 382 2520 Sati.
445 2493 476 2526 q)
496 2492 723 2526 expedicionem
744 2495 768 2522 1.
781 2494 807 2522 2.
819 2494 860 2521 30.
923 2497 949 2526 r)
971 2492 1147 2520 normandia
1165 2495 1205 2522 3c.
1259 2494 1286 2528 s)
1306 2498 1382 2520 totas
1405 2495 1429 2520 1.
1485 2495 1508 2525 t)
1526 2494 1620 2520 littori
1640 2494 1685 2521 sd.

127 2597 161 2639 1)
184 2597 419 2632 Ann.S1?th.:
452 2596 672 2633 Godofridus
696 2610 762 2633 rex
786 2598 974 2633 Danorum
998 2598 1199 2634 Abodritos
1221 2599 1323 2643 bello
1349 2598 1538 2644 adgressus
1563 2598 1685 2632 multis

125 2643 238 2677 afficit
271 2643 426 2687 iniuriis;
466 2646 505 2678 in
538 2646 633 2679 Anu.
667 2646 905 2680 Fuldeneibus
938 2646 1125 2692 adgressos
1158 2647 1302 2691 paseivo
1334 2657 1437 2680 sensu
1470 2650 1686 2690 usurpatum

125 2692 276 2732 fortasse
300 2702 370 2724 non
392 2693 512 2735 primo
535 2694 683 2735 auctori,
719 2693 778 2726 sed
810 2694 972 2727 incuriae
1002 2704 1133 2736 eorum,
1169 2695 1233 2737 qui
1255 2703 1343 2737 opus
1365 2694 1442 2726 eius
1463 2697 1683 2737 est-ceperunt,

124 2738 275 2773 debetur.
372 2739 408 2782 2)
431 2737 494 2772 sed
520 2749 592 2772 non
619 2749 698 2783 exp.
726 2742 780 2773 est
803 2751 846 2774 ex
862 2741 957 2775 Ann.
975 2741 1090 2775 Laur.
1115 2741 1416 2784 (consumptoque
1441 2739 1478 2773 in
1498 2740 1685 2784 obpugna-

124 2784 222 2818 tione
247 2784 341 2818 illius
367 2785 552 2828 aliquanto
574 2787 765 2829 tempore.
813 2797 877 2822 ‚se
893 2786 1063 2830 recepit);
1089 2788 1169 2820 item
1195 2789 1232 2820 et
1247 2786 1381 2821 Leonis
1397 2797 1514 2831 papae
1536 2787 1685 2830 (Laura

124 2831 234 2876 legati
258 2831 485 2875 imperatoris
511 2835 619 2876 atque
643 2831 847 2877 pontificis).
967 2835 1004 2876 3)
1035 2835 1119 2867 Arm
1145 2834 1260 2869 sith..-
1295 2832 1462 2868 Castrum
1487 2833 1684 2868 Essesfleth

123 2880 223 2912 trans
245 2875 394 2912 ‘Albiam
420 2890 441 2913 a
465 2878 614 2913 Francis
643 2878 871 2922 aedificatum
905 2880 1035 2916 Laur..
1033 2892 1040 2900 ·
1074 2879 1200 2914 statuit
1230 2882 1330 2915 trans
1354 2879 1502 2915 Albiam
1533 2880 1683 2914 fluvium

124 2925 307 2959 civitatem
333 2925 533 2961 aedificare.

1375 2999 1399 3034 2

1696 563 1730 590 A.
1742 563 1819 592 sith.

1696 657 1732 685 A
1743 658 1832 686 haur.

1698 1127 1731 1155 A.
1743 1127 1819 1155 Sith.
1830 1130 1862 1154 et

1697 1174 1732 1202 A.
1743 1175 1831 1203 Laut.

1697 1268 1732 1296 A.
1744 1269 1833 1296 Laur.

1697 1737 1736 1765 ib.
