2020 3358
160 876 531 925 ANNALIUM
568 875 1009 924 FULDENSIUM
1046 875 1216 924 PARS
1254 874 1570 924 SECUNDA

711 963 1019 1009 (FULDENSIS)

541 1062 826 1106 AUCTORE
857 1061 1192 1105 RUODOLFO

634 1137 639 1141 ·
725 1142 772 1178 A.
797 1143 998 1178 838—863.

815 1246 919 1292 838.

231 1320 520 1377 Imperatora
572 1335 678 1364 vero
723 1334 879 1363 mense
923 1321 1059 1362 Iunio
1098 1320 1371 1374 Noviomagi
1418 1323 1648 1362 conventu
1662 1335 1730 1363 lum

88 1381 291 1434 generali
332 1381 491 1422 habito
532 1380 731 1422 consiliis
772 1380 1059 1434 quorundam
1102 1392 1158 1420 ex
1196 1378 1470 1433 primoribus
1510 1379 1647 1420 Fran-

88 1452 244 1480 corum
287 1439 582 1492 adquiescens
596 1434 615 1461 ¹'
662 1439 785 1493 pacti
830 1437 1164 1492 conscriptione
1204 1437 1504 1479 Hludowieoss
1552 1438 1647 1479 filio

87 1510 168 1538 suo
200 1510 392 1550 regnum
423 1497 718 1539 orientalium
738 1496 1031 1546 Francorum,
1065 1497 1187 1550 quod
1218 1496 1343 1550 prius
1366 1509 1470 1537 cum
1490 1497 1647 1538 favore

88 1556 184 1598 eius
215 1556 380 1605 tenuit,
422 1555 675 1597 interdixit.
738 1554 827 1596 Ille
860 1557 1015 1596 autem
1046 1551 1351 1609 intellegensd
1388 1568 1443 1597 ex
1474 1555 1647 1597 invidia

87 1614 428 1656 consiliantium
466 1614 610 1656 talem
648 1614 852 1669 prodisse
888 1614 1166 1656 sententiam
1198 1614 1350 1655 edicto
1381 1614 1646 1668 posthabito

86 1673 179 1714 III.
211 1673 317 1714 Kal.
350 1672 462 1715 Dec.
495 1673 553 1714 ad
584 1672 947 1714 Franconofurte
987 1686 1091 1714 cum
1122 1672 1215 1714 suis
1245 1673 1373 1714 venit
1383 1672 1411 1712 1.
1476 1672 1647 1715 Contra
1659 1687 1794 1716 Nomw„

86 1745 219 1786 quem
259 1732 507 1787 imperator
549 1732 679 1786 quasi
719 1731 806 1773 sibi
847 1732 1166 1774 adversantem
1206 1745 1311 1773 cum
1343 1732 1546 1774 exercitu
1575 1746 1645 1774 ve-

85 1791 215 1832 niens
246 1786 554 1845 Mogontiacif
589 1790 776 1833 nataleg
810 1790 997 1832 Domini
1030 1790 1292 1832 celebravit.
1659 1804 1786 1833 Dec.25.

227 1844 476 1904 Pippinush
503 1863 681 1904 quoque
704 1849 826 1891 filius
848 1850 958 1900 eius,
990 1862 1070 1891 rex
1090 1849 1456 1903 Aquitaniorum,
1490 1863 1645 1892 mense
1659 1852 1800 1920 (nffgvia)

84 1907 129 1949 N
131 1904 384 1961 ovsembrioi
427 1908 629 1956 eiusdem
662 1909 770 1950 anni
802 1908 1050 1950 defunctus
1082 1910 1152 1950 est
1165 1909 1192 1948 ².
1737 1908 1743 1915 '
1801 1908 1816 1918 “

811 2021 915 2068 839.

228 2096 691 2138 DCCCXXXVIIII.
768 2097 1026 2152 Imperator
1071 2092 1213 2139 verok
1263 2099 1367 2151 post
1413 2098 1646 2151 peractam

84 2155 387 2197 festivitatem
423 2156 592 2197 natalis
624 2155 811 2197 Domini
849 2158 896 2198 et
925 2151 1260 2211 theophaniae¹
1302 2155 1452 2196 VILm
1484 2154 1645 2196 Idibus

85 2214 313 2256 Ianuariis
360 2227 463 2256 cum
510 2215 714 2257 exercitu
752 2215 936 2269 navigio
975 2214 1191 2256 Rhenum
1235 2214 1441 2264 transiit,
1490 2213 1645 2255 obvios
1661 2227 1766 2256 uma„

86 2273 260 2315 habens
308 2273 508 2316 Saxones
559 2274 729 2328 partim
774 2274 909 2315 minis
956 2274 1124 2329 partim
1175 2272 1463 2315 suasionibus
1509 2272 1645 2314 Adal-

85 2331 265 2373 berhtin
293 2333 472 2374 comitis
486 2332 502 2356 3
533 2333 770 2374 adductos.
823 2331 923 2384 Quo
954 2332 1139 2387 cognito
1160 2331 1487 2374 Hludowicus0
1514 2331 1645 2373 nefas

86 2403 182 2432 esse
222 2391 368 2433 sciens
409 2391 556 2432 filium
595 2392 716 2446 patri
758 2405 1015 2447 repugnare
1060 2391 1405 2444 cedendumque
1449 2390 1645 2445 tempori

85 2449 293 2491 iudicans
338 2450 387 2490 in
434 2449 693 2492 Baioariam
739 2464 786 2493 se
831 2451 1019 2506 recepit.
1093 2450 1351 2505 Imperator
1397 2451 1552 2490 autem
1597 2449 1646 2489 in

86 2576 115 2605 a)
134 2575 242 2600 amureg
261 2582 317 2599 uno
336 2578 432 2601 tenore
448 2579 574 2608 pergunt
593 2579 618 2601 et
638 2577 676 2601 ad
695 2583 788 2602 vocem
807 2575 1065 2609 quadragesimam
1090 2583 1133 2607 ea,
1159 2582 1231 2608 quae
1255 2577 1419 2607 sequuntur,
1447 2575 1526 2599 nullo
1550 2575 1646 2605 εῃιαιῐο

86 2611 248 2635 intermino
269 2612 427 2638 adnectunt.
500 2611 530 2642 b)
549 2618 634 2644 aequ.
653 2612 679 2639 2.
734 2614 761 2644 c)
781 2610 911 2639 hludaw.
930 2612 957 2640 3.
1019 2610 1050 2643 d)
1070 2611 1240 2643 intelligent
1259 2611 1284 2638 3.
1349 2610 1378 2644 e)
1397 2610 1564 2635 francofurt
1583 2611 1608 2637 1.
1621 2610 1646 2637 3.

86 2645 110 2675 f)
128 2646 307 2677 mogonciati
327 2647 351 2673 3.
454 2646 484 2679 g)
509 2647 638 2672 natalem
657 2648 682 2675 3.
782 2647 813 2678 h)
837 2647 963 2679 Pipinus
984 2648 1008 2674 1.
1108 2647 1131 2680 i)
1154 2646 1328 2672 nobembrio
1347 2646 1373 2674 3.
1473 2645 1503 2676 k)
1528 2646 1602 2670 deest
1623 2646 1646 2672 1.

86 2681 108 2714 l)
127 2682 309 2714 theophanie
327 2683 353 2709 3.
426 2682 466 2715 m)
486 2682 620 2714 septimis
639 2683 665 2710 3.
737 2682 769 2716 n)
788 2681 936 2708 adalberti
957 2683 980 2710 1.
1000 2683 1024 2709 2.

88 2787 122 2830 1)
151 2787 219 2820 Ubi
241 2792 364 2821 auctor
387 2798 465 2821 cum
490 2798 528 2822 eo
552 2789 663 2830 fuisse
686 2789 835 2822 videtur.
931 2788 968 2831 2)
991 2787 1187 2832 Pippinum
1212 2787 1336 2820 Idibus
1362 2787 1440 2822 Dec.
1468 2790 1646 2819 mortuum

86 2844 156 2868 esse
180 2834 397 2868 Prudentius
425 2836 611 2869 memoriae
637 2836 773 2879 prodit,
806 2836 865 2868 cm·
887 2835 1024 2870 Necrol.
1049 2835 1266 2877 Wirzibury.
1297 2833 1405 2877 (XII.
1431 2834 1518 2869 Kal.
1544 2833 1649 2875 Ian.)

86 2883 283 2921 succurrit:
307 2882 353 2923 cf,
370 2882 511 2916 Simeon
533 2895 570 2926 p.
586 2884 665 2924 191,
692 2893 727 2918 n.
745 2885 790 2923 2,·
815 2882 1002 2916 Dammler
1026 2882 1056 2924 I,
1080 2893 1117 2925 p.
1136 2883 1216 2924 130,
1242 2892 1278 2917 n.
1293 2883 1326 2917 1.
1397 2882 1434 2924 3)
1450 2881 1640 2922 Mettenscs,

87 2928 127 2961 de
151 2939 218 2971 quo
242 2930 288 2970 cf.
314 2929 500 2962 Dz’c'mmler
525 2930 555 2972 I,
580 2941 616 2973 p.
636 2931 716 2972 126,
743 2941 779 2965 n.
804 2931 838 2965 2.
1459 2940 1462 2943 ⁴
