2020 3358
0 1326 28 1352 p.
36 1319 98 1346 378.

491 299 730 337 AUCTORE
754 299 1037 338 RUODOLFO.
1085 301 1132 338 A.
1157 304 1238 339 863.
1623 306 1668 341 61

255 418 364 455 CAP.
388 417 463 454 [H.
511 417 574 452 Ad
598 418 767 452 ultimum
791 420 942 452 autema
970 429 1036 452 nos
1061 418 1201 452 evocati
1232 419 1279 453 ad
1302 421 1402 453 tuam
1427 420 1668 464 praesentiam

113 465 261 501 deducti
285 476 407 500 sumus
431 465 521 499 nihil
545 464 771 499 adversitatis
801 465 1043 509 suspicantes;
1077 465 1199 508 ibique
1234 466 1408 500 obseratis
1442 467 1540 500 ostiis
1572 467 1669 502 facta

112 524 215 548 more
245 512 447 547 latrocinali
477 510 769 556 conspirationeb
801 522 846 546 ex
871 511 1009 546 clericis
1035 514 1072 546 et
1096 511 1194 546 laicis
1219 512 1327 547 turba
1351 513 1502 547 collecta
1527 515 1564 547 et
1587 525 1668 558 per·

111 560 243 602 mixta,
277 570 342 594 nos
375 559 554 594 violenter
586 559 682 593 inter
713 561 833 593 tantos
867 558 1098 603 obprimeress
1139 558 1324 602 studuisti,
1358 558 1494 604 longad
1533 560 1669 594 scilicet

111 605 409 651 intercapedinee
440 617 462 640 a
486 605 616 640 nostris
642 608 679 640 et
703 605 842 640 clericis
866 608 904 640 et
927 605 1026 640 laicis
1051 608 1255 650 separatos3
1289 608 1398 650 atque
1432 606 1508 641 sine
1541 606 1669 641 sinodo

112 655 150 689 et
174 653 348 688 canonico
373 652 550 695 examine,
585 652 685 687 nullo
710 654 914 696 accusante,
948 652 1047 686 nullo
1072 651 1289 688 testificante
1314 653 1484 697 nullaque
1510 652 1668 698 disputa-

112 700 224 736 cionis
267 699 488 734 discrecione
531 699 723 734 dirimente
765 699 823 734 vel
860 699 1119 734 auctoritatum
1159 699 1374 744 probatione
1419 699 1668 743 convincente,

112 747 247 791 absque
278 747 393 781 nostri
417 747 488 781 oris
514 746 749 789 confessione,
783 746 991 781 absentibus
1025 746 1102 780 aliis
1135 746 1423 792 metropolitanis
1449 750 1486 781 et
1510 746 1668 782 diocesa-

111 794 189 829 neis
213 794 435 839 coepiscopis
460 796 498 828 et
521 793 764 828 confratribus
788 793 930 837 nostris,
965 794 1068 828 extra
1092 793 1255 828 omnium
1280 794 1428 828 omnino
1454 805 1670 828 consensum

111 844 176 876 tuo
201 841 308 876 solius
333 841 483 876 arbitrio
508 843 546 875 et
567 840 757 885 tyrannico
781 839 905 875 furore
929 843 1072 875 nosmet
1096 839 1297 875 damnares
1325 841 1481 885 voluisti,
1510 841 1629 875 subito
1642 847 1664 873 8

111 888 269 933 quadam
293 888 360 923 tibi
385 888 524 923 cartula
548 890 586 922 et
608 887 790 932 inprovise
814 890 994 932 porrecta,
1018 887 1163 922 lectoris
1181 887 1342 923 officium
1364 899 1559 932 assumens,
1585 887 1668 922 assi-

111 938 229 970 stente
254 935 358 969 lateri
381 937 445 969 tuo
470 934 675 977 Anastasio,
707 934 794 969 olim
826 935 1039 979 presbytero
1065 934 1221 969 ambitus
1245 934 1417 969 damnato
1443 936 1480 969 et
1504 934 1670 979 deposito

111 985 149 1018 et
173 980 519 1026 anathematizatoh,
545 981 646 1016 cuius
671 982 846 1016 scelerato
871 981 1079 1027 magisterio
1104 984 1188 1016 tuus
1211 981 1473 1034 praecipitatur
1497 981 1609 1018 furor.

253 1027 363 1065 CAP.
388 1027 482 1065 1111.
537 1028 637 1074 Ergo
670 1030 772 1063 tuam
805 1039 956 1073 pravam
989 1029 1229 1063 sententiam¹
1277 1040 1299 1063 a
1331 1029 1408 1064 zelo
1441 1028 1669 1063 rectitudinis

111 1076 266 1111 alienam
278 1075 317 1120 k,
351 1075 520 1110 iniustam
546 1078 583 1110 et
607 1075 909 1120 inrationabilem,
944 1075 1126 1111 canonicis
1159 1075 1300 1121 legibus
1329 1075 1572 1111 contrariaml
1606 1087 1667 1110 ne-

111 1134 293 1168 quaquam
318 1123 522 1167 recipimus,
557 1122 711 1157 immom
735 1134 820 1158 cum
845 1123 945 1157 omni
969 1125 1053 1158 cetu
1077 1122 1238 1158 fraterno
1270 1123 1373 1167 quasi
1401 1122 1502 1158 nefas
1526 1125 1663 1167 atquen

110 1170 346 1206 maledictum
375 1170 510 1204 frustra
539 1170 722 1215 prolatum
757 1170 1022 1204 contemnimus
1054 1173 1163 1214 atque
1192 1170 1386 1214 abicimus3
1419 1170 1559 1214 tibique
1584 1181 1669 1204 ana-

110 1217 452 1252 thematizatorumo
484 1219 521 1252 et
544 1217 727 1262 religionis
752 1223 907 1252 sacraeP
930 1217 1155 1252 abiectorum
1172 1219 1210 1252 et
1226 1219 1518 1262 contemptorum
1535 1217 1670 1251 fautori

111 1267 149 1299 et
174 1264 474 1300 communicatori
498 1275 625 1299 revera
649 1264 918 1299 communicare
941 1264 1153 1309 nolumusq‚
1179 1264 1342 1299 contenti
1365 1264 1477 1299 totius
1497 1263 1668 1299 ecclesiae

112 1311 385 1347 ‘communione
419 1314 456 1346 et
489 1310 650 1346 fraterna
682 1311 866 1355 societate,
900 1322 1010 1355 quam
1033 1313 1075 1345 tu
1099 1313 1313 1356 arroganter
1335 1313 1373 1346 te
1398 1311 1668 1356 superexaltans

111 1359 263 1404 despicis
287 1361 397 1402 teque
421 1359 467 1393 ab
493 1369 536 1392 ea
559 1358 724 1393 elationis
748 1360 892 1393 tumore
915 1358 1106 1403 indignum
1130 1358 1266 1393 faciens
1290 1369 1458 1404 segregas
1468 1364 1502 1394 ¹⁵.

252 1405 361 1442 GAP.
386 1405 435 1442 V.
482 1404 602 1451 Igitur
626 1416 671 1440 ex
695 1407 805 1440 tuaes
837 1405 992 1440 levitatis
1016 1405 1222 1440 temeritate
1249 1405 1398 1450 propria
1421 1404 1566 1439 tibimet
1589 1415 1669 1439 sen·

109 1452 224 1488 tentia
248 1452 488 1487 anathematis
512 1452 681 1498 plagamt
714 1451 878 1486 inflixisti
894 1453 1120 1486 exclamans:
1146 1451 1229 1497 ‘Qui
1254 1452 1451 1497 apostolica
1474 1454 1671 1496 praecepta

109 1511 184 1534 non
212 1502 341 1543 servat,
377 1498 571 1533 anathema
604 1499 678 1541 sit'3
713 1510 806 1543 quae
829 1501 872 1533 tu
895 1499 1145 1544 multipliciter
1168 1499 1304 1534 violare
1329 1501 1366 1534 et
1389 1499 1541 1534 violasse
1566 1498 1668 1532 dino-

109 1546 218 1582 sceris
235 1546 374 1581 divinas
397 1546 496 1591 leges
521 1546 627 1580 simul
652 1548 689 1580 et
713 1557 833 1580 sacros
851 1557 1006 1580 canones
1023 1546 1194 1581 calcansu
1216 1549 1262 1591 et,
1289 1548 1467 1590 quantum
1491 1545 1529 1579 in
1548 1548 1586 1580 te
1603 1547 1668 1590 est,

109 1605 296 1638 evacuans,
330 1593 650 1638 praedecessorum
683 1595 831 1627 tuorum
862 1592 1077 1638 pontificum
1102 1593 1354 1628 Romanorum
1382 1593 1535 1639 vestigia
1568 1592 1670 1636 sequi

108 1641 246 1677 nolens.

251 1686 360 1724 GAP.
385 1685 454 1724 VL
502 1685 611 1722 Nunc
635 1697 734 1731 ergo,
759 1687 872 1731 qujav
900 1686 1182 1722 fraudulentiam
1208 1689 1246 1723 et
1269 1687 1504 1722 calliditatem
1527 1689 1668 1721 tuamw

110 1735 250 1780 experti
284 1745 418 1777 sumus,
451 1733 767 1780 indignationem¹
796 1745 942 1778 quoque
965 1734 1220 1779 tumidumque
1249 1737 1481 1779 potentatum
1506 1734 1667 1780 agnosci-

109 1793 201 1825 mus,
226 1781 315 1816 nihil
339 1781 407 1816 tibi
430 1783 587 1826 tuaeque
611 1781 800 1826 superbiae
813 1788 835 1816 y
857 1781 1030 1826 cedimus,
1055 1793 1127 1826 qua
1151 1793 1216 1817 nos
1242 1782 1289 1816 ad
1306 1784 1418 1816 votaz
1448 1784 1668 1825 nostrorum,

110 1829 240 1873 quibus
268 1828 378 1873 faves,
412 1828 642 1863 inimicorum
668 1828 822 1863 obruere
847 1828 1062 1872 festinabas3
1097 1828 1258 1873 sciesque
1283 1840 1349 1863 nos
1373 1839 1448 1863 non
1472 1831 1555 1863 tuos
1579 1838 1668 1872 esse,

110 1879 152 1910 ut
175 1878 212 1910 te
237 1875 348 1910 iactas
373 1878 410 1910 et
435 1875 587 1919 extollis,
613 1875 773 1919 clericos,
799 1886 888 1919 quos
914 1877 955 1909 ut
978 1875 1108 1910 fratres
1134 1878 1171 1910 et
1192 1875 1424 1920 coepiscopos
1441 1886 1667 1921 regnoscere,

111 1923 140 1957 si
165 1923 301 1958 elatioa
330 1922 569 1967 permitteret,
603 1922 791 1958 debueras.
840 1922 888 1956 Et
922 1922 1013 1957 haec
1045 1923 1114 1957 tibi
1146 1923 1261 1957 nostri
1295 1922 1430 1957 ordinis
1455 1933 1529 1957 non
1553 1921 1668 1964 inscii,

112 1968 308 2003 nimirumb
349 1972 413 2003 tua
445 1969 665 2013 inprobitate
700 1969 864 2014 conpulsi
897 1969 1175 2014 respondemus,
1210 1980 1284 2004 non
1317 1969 1419 2014 quasi
1454 1969 1501 2003 ad
1530 1969 1667 2003 illatam

112 2016 215 2051 nobis
241 2016 497 2051 contumeliam
521 2016 752 2060 provocatiss,
778 2016 842 2051 sed
867 2019 995 2051 contra
1018 2019 1119 2051 tuam
1143 2016 1373 2060 iniquitatem
1394 2014 1663 2051 ecclesiastico(¹

111 2064 187 2098 zelo
205 2063 356 2106 accensi,
382 2074 449 2097 nec
467 2066 611 2098 nostrae
627 2062 800 2097 vilitatis0
828 2074 1021 2108 personam
1046 2063 1286 2106 attendentes,
1311 2063 1375 2098 sed
1392 2074 1539 2098 omnem
1555 2062 1670 2097 nostri

112 2110 247 2145 ordinis
273 2110 555 2153 universitatem,
581 2110 639 2144 cui
663 2110 737 2144 vim
762 2109 896 2145 inferre
922 2110 1075 2155 conaris,
1099 2122 1187 2155 prae
1212 2110 1326 2145 oculis
1350 2110 1536 2145 habentes'
1550 2110 1574 2148 ¹.

584 2172 690 2214 Huc
721 2185 863 2235 usque
893 2168 1198 2215 Ruodolfusf.

111 2289 142 2317 a)
160 2287 234 2312 deest
254 2287 291 2314 H.
367 2287 399 2318 b)
417 2293 519 2318 consp.
538 2294 575 2314 m.
594 2286 660 2314 latr.
680 2287 700 2314 ἰ.
720 2290 751 2313 et
770 2287 807 2314 H.
880 2289 908 2318 c)
927 2294 1011 2319 oppr.
1031 2287 1112 2313 inter
1129 2290 1152 2315 t.
1169 2287 1240 2314 viol.
1259 2287 1297 2314 H.
1374 2286 1406 2318 d)
1424 2287 1513 2319 longa
1532 2301 1566 2305 —
1584 2294 1672 2319 sepa-

112 2325 193 2347 ratos
214 2322 271 2348 deo.
290 2322 327 2350 H.
418 2322 447 2355 e)
465 2322 545 2347 inter
563 2321 739 2354 campedine
758 2323 783 2349 3.
873 2322 898 2355 s)
915 2321 943 2350 d.
964 2326 1081 2348 nosmet
1099 2322 1137 2350 H.
1229 2322 1259 2356 g)
1277 2323 1376 2348 subito
1396 2337 1430 2341 —
1449 2323 1533 2348 furor
1556 2322 1613 2349 des.
1633 2322 1670 2349 H.

113 2357 144 2387 h)
162 2357 353 2382 anathemato
371 2357 397 2384 3.
492 2357 515 2390 i)
533 2356 593 2383 Sed
613 2361 694 2383 tuam
713 2355 902 2383 maledictam
920 2361 998 2385 sent.
1018 2358 1054 2385 H.
1146 2357 1179 2391 k)
1196 2365 1216 2383 a
1234 2361 1361 2390 paterna
1379 2358 1565 2390 benignitate
1584 2358 1632 2389 aL,
1652 2365 1672 2383 a

113 2392 246 2417 fraterna
264 2392 394 2418 karitate
413 2395 586 2418 extraneam
606 2393 644 2420 H.
722 2393 743 2423 l)
762 2391 922 2419 adversum
941 2400 994 2418 nos
1014 2393 1125 2419 iniuste
1146 2396 1177 2419 et
1194 2393 1448 2419 inrationabiliter
1466 2396 1571 2418 contra
1590 2393 1670 2425 leges

114 2427 271 2452 canonicas
291 2427 435 2459 prolatam
456 2427 492 2455 H.
599 2429 639 2459 m)
663 2435 762 2461 ymmo
781 2429 806 2455 3.
914 2430 946 2459 ιι)
970 2429 1029 2456 nes.
1048 2436 1075 2455 a.
1093 2429 1150 2456 des.
1169 2429 1207 2457 H.
1315 2430 1344 2460 ο)
1367 2429 1626 2454 anathematorum
1645 2428 1672 2456 3.

115 2463 146 2493 p)
164 2468 248 2487 sacre
266 2462 291 2488 3.
379 2463 410 2494 q)
433 2462 477 2488 Te
501 2462 599 2495 ipsum
622 2470 742 2495 quoquc
766 2461 935 2496 dampnatis
960 2467 992 2489 et
1014 2464 1276 2490 anathematizatis
1299 2471 1475 2496 sacramque
1497 2464 1670 2496 religionem

113 2497 312 2522 abicientibus
336 2503 372 2522 ac
397 2498 676 2530 contempnentibus
701 2499 852 2524 faventem
877 2502 908 2525 et
931 2499 1199 2525 communicantem
1222 2499 1255 2524 in
1279 2502 1412 2525 nostram
1435 2499 1671 2525 communionem

114 2535 307 2564 nostrumque
326 2532 506 2558 consortium
525 2533 660 2565 recipere
679 2533 815 2562 nolumus
835 2534 873 2562 H.
934 2535 960 2568 r)
979 2537 1150 2567 sequestras
1169 2534 1207 2562 H.
1261 2534 1288 2567 s)
1307 2537 1358 2560 tue
1376 2535 1401 2562 3.
1458 2536 1480 2565 t)
1499 2537 1613 2566 pestem
1633 2533 1671 2562 H.

114 2568 145 2598 u)
164 2567 236 2594 calc.
257 2570 287 2593 et
304 2567 362 2594 den.
380 2567 418 2593 H.
460 2568 464 2571 “
508 2567 540 2601 v)
558 2568 600 2592 ita
619 2568 674 2600 H.,·
698 2569 750 2601 qui
768 2569 795 2597 8.
878 2569 919 2603 w)
937 2570 979 2594 ita
998 2569 1054 2601 H.,·
1078 2571 1153 2594 dccet
1172 2569 1197 2597 3.
1283 2571 1315 2601 x)
1335 2568 1396 2597 ind.
1415 2583 1449 2588 -
1469 2569 1605 2601 conpulsi
1625 2576 1672 2594 re-

114 2601 294 2634 spondemus
312 2602 369 2629 des.
389 2602 426 2629 H.
498 2604 530 2635 y)
549 2606 659 2635 tueque
678 2604 819 2636 superbie
837 2604 863 2632 3.
935 2606 962 2636 z)
981 2608 1053 2631 nota
1071 2606 1096 2632 3.
1176 2607 1206 2635 a)
1224 2605 1290 2630 sine
1308 2604 1382 2630 latio
1400 2605 1425 2632 3.
1498 2605 1529 2636 b)
1548 2604 1671 2630 nimium

114 2641 194 2663 tuam
213 2638 239 2664 3.
302 2639 330 2668 c)
349 2644 433 2669 prov,
446 2644 547 2663 sumus
566 2638 603 2665 H.
669 2636 701 2670 d)
719 2639 808 2667 ecles.
825 2639 859 2672 33
879 2640 954 2664 deest
972 2640 1009 2667 H.
1083 2641 1111 2671 e)
1129 2640 1269 2666 utilitatis
1289 2640 1314 2667 3.
1386 2640 1410 2670 f)
1429 2640 1516 2665 verba
1534 2640 1571 2667 Η.
1589 2646 1618 2667 ιι.
1636 2640 1672 2667 R.

114 2674 143 2697 ἐκ
162 2673 256 2698 codice
275 2674 288 2698 1
310 2673 349 2697 ad
366 2673 450 2704 finem
470 2680 496 2700 α.
515 2673 577 2701 863.
595 2674 727 2705 momine
745 2675 885 2706 adscripti
902 2675 959 2702 des.
978 2675 1003 2702 2.
1022 2675 1048 2703 3.

115 2767 150 2810 l)
173 2766 218 2800 In
241 2766 394 2811 epistula
425 2767 474 2800 ad
497 2768 670 2811 episcopos
693 2768 828 2802 directa
855 2757 1114 2813 archiepiscopi
1135 2769 1287 2813 depositi
1310 2769 1450 2803 omissis
1473 2769 1587 2803 verbis
1617 2768 1671 2802 in-

113 2812 359 2858 dignationem
386 2833 431 2838 —
457 2813 620 2858 conpulsi
645 2814 905 2859 respondemus
939 2817 1124 2860 septimum
1148 2820 1255 2860 caput
1277 2816 1492 2860 adiecerunt,
1527 2817 1567 2850 in
1591 2826 1670 2860 quo,

115 2861 213 2904 ‘quid
236 2871 320 2895 suae
343 2861 508 2905 specialis
527 2862 784 2906 propositionis
807 2873 946 2896 summa
971 2863 1094 2907 fuerit,
1121 2864 1160 2897 in
1180 2864 1309 2908 paucis
1332 2863 1531 2908 replicant'.
