<?xml version="1.0" encoding="UTF-8"?>
<!DOCTYPE html PUBLIC "-//W3C//DTD XHTML 1.0 Transitional//EN"
    "http://www.w3.org/TR/xhtml1/DTD/xhtml1-transitional.dtd">
<html xmlns="http://www.w3.org/1999/xhtml" xml:lang="en" lang="en">
 <head>
  <title>
</title>
<meta http-equiv="Content-Type" content="text/html;charset=utf-8" />
  <meta name='ocr-system' content='tesseract 3.04.00' />
  <meta name='ocr-capabilities' content='ocr_page ocr_carea ocr_par ocr_line ocrx_word'/>
</head>
<body>
  <div class='ocr_page' id='page_1' title='image "./annalesfuldenses00einhuoft_0123.png"; bbox 0 0 2020 3358; ppageno 0'>
   <div class='ocr_carea' id='block_1_1' title="bbox 504 316 1770 364">
    <p class='ocr_par' dir='ltr' id='par_1_1' title="bbox 504 316 1770 364">
     <span class='ocr_line' id='line_1_1' title="bbox 504 316 1770 364; baseline 0.006 -12"><span class='ocrx_word' id='word_1_1' title='bbox 504 316 755 363; x_wconf 84' lang='lat' dir='ltr'>(AUCTORE</span> <span class='ocrx_word' id='word_1_2' title='bbox 780 316 1151 364; x_wconf 74' lang='lat' dir='ltr'>MEGINHARDO).</span> <span class='ocrx_word' id='word_1_3' title='bbox 1200 320 1248 357; x_wconf 91' lang='lat' dir='ltr'>A.</span> <span class='ocrx_word' id='word_1_4' title='bbox 1273 322 1354 358; x_wconf 88' lang='lat'>883.</span> <span class='ocrx_word' id='word_1_5' title='bbox 1379 323 1461 358; x_wconf 73' lang='lat'>884.</span> <span class='ocrx_word' id='word_1_6' title='bbox 1702 324 1770 360; x_wconf 92' lang='grc'>101</span> 
     </span>
    </p>
   </div>
   <div class='ocr_carea' id='block_1_2' title="bbox 191 438 1974 2542">
    <p class='ocr_par' dir='ltr' id='par_1_2' title="bbox 209 438 1772 716">
     <span class='ocr_line' id='line_1_2' title="bbox 209 438 1770 494; baseline 0.001 -12"><span class='ocrx_word' id='word_1_7' title='bbox 209 443 369 482; x_wconf 88' lang='lat' dir='ltr'>tamen</span> <span class='ocrx_word' id='word_1_8' title='bbox 414 439 663 480; x_wconf 87' lang='lat' dir='ltr'>adiuvante</span> <span class='ocrx_word' id='word_1_9' title='bbox 703 438 901 480; x_wconf 90' lang='lat' dir='ltr'>Domino</span> <span class='ocrx_word' id='word_1_10' title='bbox 949 439 1186 480; x_wconf 87' lang='lat' dir='ltr'>christiani</span> <span class='ocrx_word' id='word_1_11' title='bbox 1233 440 1472 494; x_wconf 79' lang='lat' dir='ltr'>optinuere</span> <span class='ocrx_word' id='word_1_12' title='bbox 1516 442 1770 484; x_wconf 84' lang='lat' dir='ltr'>victoriam.</span> 
     </span>
     <span class='ocr_line' id='line_1_3' title="bbox 211 496 1771 552; baseline 0.001 -12"><span class='ocrx_word' id='word_1_13' title='bbox 211 499 270 541; x_wconf 91' lang='lat' dir='ltr'>In</span> <span class='ocrx_word' id='word_1_14' title='bbox 301 511 390 552; x_wconf 89' lang='lat' dir='ltr'>quo</span> <span class='ocrx_word' id='word_1_15' title='bbox 423 497 670 539; x_wconf 77' lang='lat' dir='ltr'>certamine</span> <span class='ocrx_word' id='word_1_16' title='bbox 701 496 819 538; x_wconf 88' lang='lat' dir='ltr'>tales</span> <span class='ocrx_word' id='word_1_17' title='bbox 850 497 935 538; x_wconf 85' lang='lat' dir='ltr'>viri</span> <span class='ocrx_word' id='word_1_18' title='bbox 967 497 1023 538; x_wconf 91' lang='lat' dir='ltr'>de</span> <span class='ocrx_word' id='word_1_19' title='bbox 1054 497 1363 539; x_wconf 87' lang='lat' dir='ltr'>Nordmannis</span> <span class='ocrx_word' id='word_1_20' title='bbox 1404 499 1620 542; x_wconf 88' lang='lat' dir='ltr'>cecidisse</span> <span class='ocrx_word' id='word_1_21' title='bbox 1656 501 1771 543; x_wconf 86' lang='lat' dir='ltr'>refe·</span> 
     </span>
     <span class='ocr_line' id='line_1_4' title="bbox 210 555 1772 610; baseline 0.001 -12"><span class='ocrx_word' id='word_1_22' title='bbox 210 559 388 606; x_wconf 72' lang='lat' dir='ltr'>runtur,</span> <span class='ocrx_word' id='word_1_23' title='bbox 433 555 591 610; x_wconf 89' lang='lat' dir='ltr'>quales</span> <span class='ocrx_word' id='word_1_24' title='bbox 630 569 882 609; x_wconf 83' lang='lat' dir='ltr'>numquam</span> <span class='ocrx_word' id='word_1_25' title='bbox 922 558 1059 597; x_wconf 84' lang='lat' dir='ltr'>antea</span> <span class='ocrx_word' id='word_1_26' title='bbox 1098 556 1147 596; x_wconf 92' lang='lat' dir='ltr'>in</span> <span class='ocrx_word' id='word_1_27' title='bbox 1187 558 1325 610; x_wconf 85' lang='lat' dir='ltr'>gente</span> <span class='ocrx_word' id='word_1_28' title='bbox 1367 556 1646 598; x_wconf 85' lang='lat' dir='ltr'>Francorum</span> <span class='ocrx_word' id='word_1_29' title='bbox 1686 559 1772 600; x_wconf 89' lang='lat' dir='ltr'>visi</span> 
     </span>
     <span class='ocr_line' id='line_1_5' title="bbox 209 614 1772 669; baseline 0.001 -13"><span class='ocrx_word' id='word_1_30' title='bbox 209 615 426 664; x_wconf 82' lang='lat' dir='ltr'>fuissent,</span> <span class='ocrx_word' id='word_1_31' title='bbox 484 615 534 655; x_wconf 91' lang='lat' dir='ltr'>in</span> <span class='ocrx_word' id='word_1_32' title='bbox 584 614 929 669; x_wconf 74' lang='lat' dir='ltr'>pulchritudine</span> <span class='ocrx_word' id='word_1_33' title='bbox 980 614 1196 656; x_wconf 87' lang='lat' dir='ltr'>videlicet</span> <span class='ocrx_word' id='word_1_34' title='bbox 1249 627 1301 656; x_wconf 88' lang='lat' dir='ltr'>ac</span> <span class='ocrx_word' id='word_1_35' title='bbox 1352 616 1628 669; x_wconf 87' lang='lat' dir='ltr'>proceritate</span> <span class='ocrx_word' id='word_1_36' title='bbox 1680 629 1772 658; x_wconf 88' lang='lat' dir='ltr'>cor-</span> 
     </span>
     <span class='ocr_line' id='line_1_6' title="bbox 243 687 385 716; baseline -0.021 0"><span class='ocrx_word' id='word_1_37' title='bbox 243 687 385 716; x_wconf 86' lang='lat' dir='ltr'>orum.</span> 
     </span>
    </p>

    <p class='ocr_par' dir='ltr' id='par_1_3' title="bbox 209 689 1908 1430">
     <span class='ocr_line' id='line_1_7' title="bbox 210 689 1908 787; baseline 0.002 -15"><span class='ocrx_word' id='word_1_38' title='bbox 210 689 241 729; x_wconf 78' lang='lat' dir='ltr'>p</span> <span class='ocrx_word' id='word_1_39' title='bbox 353 732 609 787; x_wconf 83' lang='lat' dir='ltr'>Imperator</span> <span class='ocrx_word' id='word_1_40' title='bbox 656 731 775 772; x_wconf 90' lang='lat' dir='ltr'>circa</span> <span class='ocrx_word' id='word_1_41' title='bbox 821 731 1187 786; x_wconf 88' lang='lat' dir='ltr'>purificationem</span> <span class='ocrx_word' id='word_1_42' title='bbox 1226 734 1411 773; x_wconf 87' lang='lat' dir='ltr'>sanctae</span> <span class='ocrx_word' id='word_1_43' title='bbox 1451 731 1626 774; x_wconf 88' lang='lat' dir='ltr'>Mariae</span> <span class='ocrx_word' id='word_1_44' title='bbox 1667 745 1773 774; x_wconf 89' lang='lat' dir='ltr'>cum</span> <span class='ocrx_word' id='word_1_45' title='bbox 1786 748 1908 776; x_wconf 64' lang='lat' dir='ltr'>rem-‚2</span> 
     </span>
     <span class='ocr_line' id='line_1_8' title="bbox 210 789 1774 844; baseline 0 -12"><span class='ocrx_word' id='word_1_46' title='bbox 210 792 304 833; x_wconf 89' lang='lat' dir='ltr'>suis</span> <span class='ocrx_word' id='word_1_47' title='bbox 346 790 623 844; x_wconf 77' lang='lat' dir='ltr'>colloquium</span> <span class='ocrx_word' id='word_1_48' title='bbox 663 789 828 831; x_wconf 90' lang='lat' dir='ltr'>habuit</span> <span class='ocrx_word' id='word_1_49' title='bbox 866 789 914 830; x_wconf 93' lang='lat' dir='ltr'>in</span> <span class='ocrx_word' id='word_1_50' title='bbox 946 789 1171 839; x_wconf 72' lang='lat' dir='ltr'>Alsatia⁸‚</span> <span class='ocrx_word' id='word_1_51' title='bbox 1213 790 1262 831; x_wconf 92' lang='lat' dir='ltr'>in</span> <span class='ocrx_word' id='word_1_52' title='bbox 1302 790 1416 839; x_wconf 91' lang='lat' dir='ltr'>loco,</span> <span class='ocrx_word' id='word_1_53' title='bbox 1464 791 1542 844; x_wconf 90' lang='lat' dir='ltr'>qui</span> <span class='ocrx_word' id='word_1_54' title='bbox 1582 793 1774 832; x_wconf 84' lang='lat' dir='ltr'>vocatur</span> 
     </span>
     <span class='ocr_line' id='line_1_9' title="bbox 213 847 1773 903; baseline 0 -12"><span class='ocrx_word' id='word_1_55' title='bbox 213 849 444 903; x_wconf 88' lang='lat' dir='ltr'>Coloburg</span> <span class='ocrx_word' id='word_1_56' title='bbox 458 849 485 899; x_wconf 82' lang='lat'>1,</span> <span class='ocrx_word' id='word_1_57' title='bbox 528 851 576 891; x_wconf 89' lang='lat' dir='ltr'>et</span> <span class='ocrx_word' id='word_1_58' title='bbox 613 848 721 890; x_wconf 91' lang='lat' dir='ltr'>inde</span> <span class='ocrx_word' id='word_1_59' title='bbox 762 848 1015 903; x_wconf 90' lang='lat' dir='ltr'>episcopos,</span> <span class='ocrx_word' id='word_1_60' title='bbox 1059 847 1250 890; x_wconf 83' lang='lat' dir='ltr'>abbates</span> <span class='ocrx_word' id='word_1_61' title='bbox 1291 851 1430 903; x_wconf 90' lang='lat' dir='ltr'>atque</span> <span class='ocrx_word' id='word_1_62' title='bbox 1471 849 1659 891; x_wconf 82' lang='lat' dir='ltr'>comites</span> <span class='ocrx_word' id='word_1_63' title='bbox 1701 850 1773 891; x_wconf 92' lang='lat' dir='ltr'>de-</span> 
     </span>
     <span class='ocr_line' id='line_1_10' title="bbox 211 906 1772 962; baseline -0.001 -13"><span class='ocrx_word' id='word_1_64' title='bbox 211 908 400 950; x_wconf 86' lang='lat' dir='ltr'>stinavit</span> <span class='ocrx_word' id='word_1_65' title='bbox 441 910 600 948; x_wconf 87' lang='lat' dir='ltr'>contra</span> <span class='ocrx_word' id='word_1_66' title='bbox 630 906 952 948; x_wconf 88' lang='lat' dir='ltr'>Nordmannos</span> <span class='ocrx_word' id='word_1_67' title='bbox 993 907 1052 948; x_wconf 90' lang='lat' dir='ltr'>ad</span> <span class='ocrx_word' id='word_1_68' title='bbox 1084 907 1282 949; x_wconf 84' lang='lat' dir='ltr'>tuendas</span> <span class='ocrx_word' id='word_1_69' title='bbox 1322 907 1454 961; x_wconf 86' lang='lat' dir='ltr'>regni</span> <span class='ocrx_word' id='word_1_70' title='bbox 1494 908 1565 949; x_wconf 91' lang='lat' dir='ltr'>sui</span> <span class='ocrx_word' id='word_1_71' title='bbox 1604 910 1772 962; x_wconf 89' lang='lat' dir='ltr'>partes.</span> 
     </span>
     <span class='ocr_line' id='line_1_11' title="bbox 209 965 1773 1019; baseline 0.001 -12"><span class='ocrx_word' id='word_1_72' title='bbox 209 967 254 1007; x_wconf 89' lang='lat' dir='ltr'>N</span> <span class='ocrx_word' id='word_1_73' title='bbox 257 966 497 1008; x_wconf 87' lang='lat' dir='ltr'>ordmanni</span> <span class='ocrx_word' id='word_1_74' title='bbox 527 979 620 1007; x_wconf 93' lang='lat' dir='ltr'>non</span> <span class='ocrx_word' id='word_1_75' title='bbox 652 965 792 1007; x_wconf 88' lang='lat' dir='ltr'>semel</span> <span class='ocrx_word' id='word_1_76' title='bbox 822 978 970 1019; x_wconf 91' lang='lat' dir='ltr'>neque</span> <span class='ocrx_word' id='word_1_77' title='bbox 992 965 1061 1007; x_wconf 93' lang='lat' dir='ltr'>bis</span> <span class='ocrx_word' id='word_1_78' title='bbox 1084 978 1188 1007; x_wconf 90' lang='lat' dir='ltr'>cum</span> <span class='ocrx_word' id='word_1_79' title='bbox 1209 965 1478 1008; x_wconf 87' lang='lat' dir='ltr'>Heimricho</span> <span class='ocrx_word' id='word_1_80' title='bbox 1502 966 1773 1008; x_wconf 83' lang='lat' dir='ltr'>dimicantes</span> 
     </span>
     <span class='ocr_line' id='line_1_12' title="bbox 210 1023 1773 1080; baseline 0 -13"><span class='ocrx_word' id='word_1_81' title='bbox 210 1027 486 1080; x_wconf 87' lang='lat' dir='ltr'>superantur</span> <span class='ocrx_word' id='word_1_82' title='bbox 526 1027 592 1074; x_wconf 88' lang='lat' dir='ltr'>et,</span> <span class='ocrx_word' id='word_1_83' title='bbox 633 1024 910 1078; x_wconf 90' lang='lat' dir='ltr'>ubicumque</span> <span class='ocrx_word' id='word_1_84' title='bbox 950 1024 1222 1079; x_wconf 88' lang='lat' dir='ltr'>praedatum</span> <span class='ocrx_word' id='word_1_85' title='bbox 1260 1025 1326 1066; x_wconf 87' lang='lat' dir='ltr'>ire</span> <span class='ocrx_word' id='word_1_86' title='bbox 1367 1023 1602 1075; x_wconf 88' lang='lat' dir='ltr'>volebant,</span> <span class='ocrx_word' id='word_1_87' title='bbox 1644 1025 1773 1080; x_wconf 80' lang='lat' dir='ltr'>fuga-</span> 
     </span>
     <span class='ocr_line' id='line_1_13' title="bbox 211 1082 1773 1137; baseline 0.001 -12"><span class='ocrx_word' id='word_1_88' title='bbox 211 1083 393 1133; x_wconf 77' lang='lat' dir='ltr'>bantur,</span> <span class='ocrx_word' id='word_1_89' title='bbox 425 1082 831 1132; x_wconf 84' lang='lat' dir='ltr'>interficiebantur,</span> <span class='ocrx_word' id='word_1_90' title='bbox 854 1082 1052 1124; x_wconf 91' lang='lat' dir='ltr'>Domino</span> <span class='ocrx_word' id='word_1_91' title='bbox 1074 1082 1167 1124; x_wconf 90' lang='lat' dir='ltr'>illis</span> <span class='ocrx_word' id='word_1_92' title='bbox 1187 1083 1423 1133; x_wconf 86' lang='lat' dir='ltr'>reddente,</span> <span class='ocrx_word' id='word_1_93' title='bbox 1457 1084 1579 1137; x_wconf 88' lang='lat' dir='ltr'>quod</span> <span class='ocrx_word' id='word_1_94' title='bbox 1600 1097 1773 1126; x_wconf 89' lang='lat' dir='ltr'>merue-</span> 
     </span>
     <span class='ocr_line' id='line_1_14' title="bbox 210 1141 1773 1196; baseline 0.001 -13"><span class='ocrx_word' id='word_1_95' title='bbox 210 1145 334 1183; x_wconf 90' lang='lat' dir='ltr'>runt.</span> <span class='ocrx_word' id='word_1_96' title='bbox 382 1142 587 1183; x_wconf 86' lang='lat' dir='ltr'>Tandem</span> <span class='ocrx_word' id='word_1_97' title='bbox 618 1141 878 1183; x_wconf 87' lang='lat' dir='ltr'>christianis</span> <span class='ocrx_word' id='word_1_98' title='bbox 908 1141 958 1182; x_wconf 91' lang='lat' dir='ltr'>in</span> <span class='ocrx_word' id='word_1_99' title='bbox 987 1155 1132 1182; x_wconf 89' lang='lat' dir='ltr'>unum</span> <span class='ocrx_word' id='word_1_100' title='bbox 1164 1141 1451 1196; x_wconf 86' lang='lat' dir='ltr'>congregatis</span> <span class='ocrx_word' id='word_1_101' title='bbox 1484 1144 1531 1184; x_wconf 90' lang='lat' dir='ltr'>et</span> <span class='ocrx_word' id='word_1_102' title='bbox 1561 1142 1773 1184; x_wconf 90' lang='lat' dir='ltr'>munitio-</span> 
     </span>
     <span class='ocr_line' id='line_1_15' title="bbox 210 1199 1772 1255; baseline 0.001 -14"><span class='ocrx_word' id='word_1_103' title='bbox 210 1214 318 1242; x_wconf 91' lang='lat' dir='ltr'>nem</span> <span class='ocrx_word' id='word_1_104' title='bbox 357 1200 568 1241; x_wconf 84' lang='lat' dir='ltr'>illorum²</span> <span class='ocrx_word' id='word_1_105' title='bbox 609 1212 870 1254; x_wconf 83' lang='lat' dir='ltr'>expugnare</span> <span class='ocrx_word' id='word_1_106' title='bbox 910 1199 1215 1254; x_wconf 87' lang='lat' dir='ltr'>cupientibus,</span> <span class='ocrx_word' id='word_1_107' title='bbox 1259 1199 1331 1241; x_wconf 91' lang='lat' dir='ltr'>illi</span> <span class='ocrx_word' id='word_1_108' title='bbox 1368 1200 1534 1242; x_wconf 89' lang='lat' dir='ltr'>timore</span> <span class='ocrx_word' id='word_1_109' title='bbox 1573 1200 1772 1255; x_wconf 89' lang='lat' dir='ltr'>perculsi</span> 
     </span>
     <span class='ocr_line' id='line_1_16' title="bbox 211 1257 1772 1313; baseline 0.001 -13"><span class='ocrx_word' id='word_1_110' title='bbox 211 1261 353 1300; x_wconf 82' lang='lat' dir='ltr'>noctu</span> <span class='ocrx_word' id='word_1_111' title='bbox 391 1259 505 1313; x_wconf 82' lang='lat' dir='ltr'>fuga</span> <span class='ocrx_word' id='word_1_112' title='bbox 541 1258 657 1313; x_wconf 91' lang='lat' dir='ltr'>lapsi</span> <span class='ocrx_word' id='word_1_113' title='bbox 695 1260 823 1308; x_wconf 90' lang='lat' dir='ltr'>sunt;</span> <span class='ocrx_word' id='word_1_114' title='bbox 865 1271 977 1312; x_wconf 91' lang='lat' dir='ltr'>quos</span> <span class='ocrx_word' id='word_1_115' title='bbox 1008 1257 1248 1300; x_wconf 89' lang='lat' dir='ltr'>Heimrich</span> <span class='ocrx_word' id='word_1_116' title='bbox 1278 1259 1441 1300; x_wconf 84' lang='lat' dir='ltr'>Rheno</span> <span class='ocrx_word' id='word_1_117' title='bbox 1479 1260 1676 1301; x_wconf 88' lang='lat' dir='ltr'>transito</span> <span class='ocrx_word' id='word_1_118' title='bbox 1708 1272 1772 1302; x_wconf 84' lang='lat' dir='ltr'>se-</span> 
     </span>
     <span class='ocr_line' id='line_1_17' title="bbox 212 1317 1771 1372; baseline 0.001 -14"><span class='ocrx_word' id='word_1_119' title='bbox 212 1321 346 1359; x_wconf 89' lang='lat' dir='ltr'>cutus</span> <span class='ocrx_word' id='word_1_120' title='bbox 391 1320 437 1359; x_wconf 89' lang='lat' dir='ltr'>et</span> <span class='ocrx_word' id='word_1_121' title='bbox 483 1318 531 1358; x_wconf 92' lang='lat' dir='ltr'>in</span> <span class='ocrx_word' id='word_1_122' title='bbox 570 1317 769 1371; x_wconf 90' lang='lat' dir='ltr'>quodam</span> <span class='ocrx_word' id='word_1_123' title='bbox 812 1319 1017 1372; x_wconf 86' lang='lat' dir='ltr'>repertos</span> <span class='ocrx_word' id='word_1_124' title='bbox 1063 1317 1164 1358; x_wconf 92' lang='lat' dir='ltr'>loco</span> <span class='ocrx_word' id='word_1_125' title='bbox 1212 1319 1398 1359; x_wconf 88' lang='lat' dir='ltr'>centum</span> <span class='ocrx_word' id='word_1_126' title='bbox 1444 1318 1558 1359; x_wconf 91' lang='lat' dir='ltr'>duos</span> <span class='ocrx_word' id='word_1_127' title='bbox 1605 1330 1660 1359; x_wconf 86' lang='lat' dir='ltr'>ex</span> <span class='ocrx_word' id='word_1_128' title='bbox 1705 1318 1771 1360; x_wconf 88' lang='lat' dir='ltr'>eis</span> 
     </span>
     <span class='ocr_line' id='line_1_18' title="bbox 211 1375 1118 1430; baseline -0.001 -13"><span class='ocrx_word' id='word_1_129' title='bbox 211 1376 382 1430; x_wconf 84' lang='lat' dir='ltr'>absque</span> <span class='ocrx_word' id='word_1_130' title='bbox 414 1376 690 1417; x_wconf 87' lang='lat' dir='ltr'>detrimento</span> <span class='ocrx_word' id='word_1_131' title='bbox 722 1388 907 1416; x_wconf 89' lang='lat' dir='ltr'>suorum</span> <span class='ocrx_word' id='word_1_132' title='bbox 938 1375 1118 1417; x_wconf 88' lang='lat' dir='ltr'>occidit.</span> 
     </span>
    </p>

    <p class='ocr_par' dir='ltr' id='par_1_4' title="bbox 209 1433 1853 1781">
     <span class='ocr_line' id='line_1_19' title="bbox 354 1433 1853 1489; baseline 0.001 -15"><span class='ocrx_word' id='word_1_133' title='bbox 354 1434 611 1489; x_wconf 88' lang='lat' dir='ltr'>Imperator</span> <span class='ocrx_word' id='word_1_134' title='bbox 661 1446 816 1475; x_wconf 90' lang='lat' dir='ltr'>mense</span> <span class='ocrx_word' id='word_1_135' title='bbox 867 1433 990 1475; x_wconf 87' lang='lat' dir='ltr'>Maio</span> <span class='ocrx_word' id='word_1_136' title='bbox 1046 1434 1280 1476; x_wconf 85' lang='lat' dir='ltr'>mediante</span> <span class='ocrx_word' id='word_1_137' title='bbox 1331 1433 1554 1488; x_wconf 88' lang='lat' dir='ltr'>placitum</span> <span class='ocrx_word' id='word_1_138' title='bbox 1604 1434 1770 1476; x_wconf 81' lang='lat' dir='ltr'>habuit</span> <span class='ocrx_word' id='word_1_139' title='bbox 1783 1447 1853 1475; x_wconf 62' lang='lat' dir='ltr'>Mat</span> 
     </span>
     <span class='ocr_line' id='line_1_20' title="bbox 210 1488 1770 1546; baseline 0.002 -14"><span class='ocrx_word' id='word_1_140' title='bbox 210 1488 520 1534; x_wconf 80' lang='lat' dir='ltr'>Wormatiaeb</span> <span class='ocrx_word' id='word_1_141' title='bbox 559 1494 606 1534; x_wconf 92' lang='lat' dir='ltr'>et</span> <span class='ocrx_word' id='word_1_142' title='bbox 637 1492 745 1534; x_wconf 89' lang='lat' dir='ltr'>inde</span> <span class='ocrx_word' id='word_1_143' title='bbox 775 1494 953 1534; x_wconf 88' lang='lat' dir='ltr'>tutores</span> <span class='ocrx_word' id='word_1_144' title='bbox 984 1492 1186 1546; x_wconf 89' lang='lat' dir='ltr'>partium</span> <span class='ocrx_word' id='word_1_145' title='bbox 1217 1506 1403 1534; x_wconf 89' lang='lat' dir='ltr'>suarum</span> <span class='ocrx_word' id='word_1_146' title='bbox 1434 1495 1595 1534; x_wconf 88' lang='lat' dir='ltr'>contra</span> <span class='ocrx_word' id='word_1_147' title='bbox 1625 1492 1770 1535; x_wconf 90' lang='lat' dir='ltr'>Nord-</span> 
     </span>
     <span class='ocr_line' id='line_1_21' title="bbox 211 1550 1770 1601; baseline 0.001 -9"><span class='ocrx_word' id='word_1_148' title='bbox 211 1565 402 1592; x_wconf 88' lang='lat' dir='ltr'>mannos</span> <span class='ocrx_word' id='word_1_149' title='bbox 441 1550 703 1592; x_wconf 84' lang='lat' dir='ltr'>destinavit.</span> <span class='ocrx_word' id='word_1_150' title='bbox 774 1550 915 1592; x_wconf 89' lang='lat' dir='ltr'>Venit</span> <span class='ocrx_word' id='word_1_151' title='bbox 946 1551 1086 1592; x_wconf 91' lang='lat' dir='ltr'>etiam</span> <span class='ocrx_word' id='word_1_152' title='bbox 1117 1550 1229 1592; x_wconf 89' lang='lat' dir='ltr'>illuc</span> <span class='ocrx_word' id='word_1_153' title='bbox 1260 1550 1358 1592; x_wconf 89' lang='lat' dir='ltr'>filia</span> <span class='ocrx_word' id='word_1_154' title='bbox 1388 1550 1708 1601; x_wconf 77' lang='lat' dir='ltr'>Hlotharii⁰·³,</span> <span class='ocrx_word' id='word_1_155' title='bbox 1743 1565 1770 1593; x_wconf 87' lang='lat' dir='ltr'>a</span> 
     </span>
     <span class='ocr_line' id='line_1_22' title="bbox 211 1608 1770 1664; baseline 0.001 -14"><span class='ocrx_word' id='word_1_156' title='bbox 211 1609 467 1659; x_wconf 81' lang='lat' dir='ltr'>Gotafrido,</span> <span class='ocrx_word' id='word_1_157' title='bbox 511 1610 584 1650; x_wconf 92' lang='lat' dir='ltr'>cui</span> <span class='ocrx_word' id='word_1_158' title='bbox 618 1609 793 1650; x_wconf 86' lang='lat' dir='ltr'>tradita</span> <span class='ocrx_word' id='word_1_159' title='bbox 822 1608 977 1651; x_wconf 77' lang='lat' dir='ltr'>fuerat</span> <span class='ocrx_word' id='word_1_160' title='bbox 1007 1609 1056 1650; x_wconf 92' lang='lat' dir='ltr'>in</span> <span class='ocrx_word' id='word_1_161' title='bbox 1087 1609 1440 1660; x_wconf 87' lang='lat' dir='ltr'>matrimonium,</span> <span class='ocrx_word' id='word_1_162' title='bbox 1482 1610 1542 1652; x_wconf 88' lang='lat' dir='ltr'>ad</span> <span class='ocrx_word' id='word_1_163' title='bbox 1581 1610 1770 1664; x_wconf 89' lang='lat' dir='ltr'>impera-</span> 
     </span>
     <span class='ocr_line' id='line_1_23' title="bbox 209 1668 1770 1723; baseline 0.001 -14"><span class='ocrx_word' id='word_1_164' title='bbox 209 1670 355 1710; x_wconf 90' lang='lat' dir='ltr'>torem</span> <span class='ocrx_word' id='word_1_165' title='bbox 386 1668 673 1718; x_wconf 83' lang='lat' dir='ltr'>transmissa3</span> <span class='ocrx_word' id='word_1_166' title='bbox 707 1681 844 1721; x_wconf 90' lang='lat' dir='ltr'>quam</span> <span class='ocrx_word' id='word_1_167' title='bbox 864 1668 1112 1722; x_wconf 87' lang='lat' dir='ltr'>imperator</span> <span class='ocrx_word' id='word_1_168' title='bbox 1134 1681 1287 1710; x_wconf 90' lang='lat' dir='ltr'>secum</span> <span class='ocrx_word' id='word_1_169' title='bbox 1309 1668 1545 1723; x_wconf 86' lang='lat' dir='ltr'>aliquanto</span> <span class='ocrx_word' id='word_1_170' title='bbox 1575 1668 1770 1711; x_wconf 81' lang='lat' dir='ltr'>retinuit</span> 
     </span>
     <span class='ocr_line' id='line_1_24' title="bbox 209 1727 1382 1781; baseline 0.001 -14"><span class='ocrx_word' id='word_1_171' title='bbox 209 1729 414 1781; x_wconf 88' lang='lat' dir='ltr'>tempore</span> <span class='ocrx_word' id='word_1_172' title='bbox 446 1730 493 1769; x_wconf 87' lang='lat' dir='ltr'>et</span> <span class='ocrx_word' id='word_1_173' title='bbox 524 1727 584 1768; x_wconf 89' lang='lat' dir='ltr'>ad</span> <span class='ocrx_word' id='word_1_174' title='bbox 614 1727 831 1768; x_wconf 87' lang='lat' dir='ltr'>maritum</span> <span class='ocrx_word' id='word_1_175' title='bbox 860 1727 1008 1768; x_wconf 89' lang='lat' dir='ltr'>redire</span> <span class='ocrx_word' id='word_1_176' title='bbox 1039 1740 1132 1768; x_wconf 91' lang='lat' dir='ltr'>non</span> <span class='ocrx_word' id='word_1_177' title='bbox 1163 1727 1382 1781; x_wconf 89' lang='lat' dir='ltr'>permisit.</span> 
     </span>
    </p>

    <p class='ocr_par' dir='ltr' id='par_1_5' title="bbox 191 1784 1770 2015">
     <span class='ocr_line' id='line_1_25' title="bbox 352 1784 1770 1840; baseline 0 -14"><span class='ocrx_word' id='word_1_178' title='bbox 352 1785 609 1840; x_wconf 88' lang='lat' dir='ltr'>Imperator</span> <span class='ocrx_word' id='word_1_179' title='bbox 639 1785 689 1826; x_wconf 92' lang='lat' dir='ltr'>in</span> <span class='ocrx_word' id='word_1_180' title='bbox 718 1785 927 1827; x_wconf 87' lang='lat' dir='ltr'>terminis</span> <span class='ocrx_word' id='word_1_181' title='bbox 957 1784 1230 1827; x_wconf 87' lang='lat' dir='ltr'>Noricorum</span> <span class='ocrx_word' id='word_1_182' title='bbox 1261 1787 1308 1827; x_wconf 89' lang='lat' dir='ltr'>et</span> <span class='ocrx_word' id='word_1_183' title='bbox 1340 1785 1633 1827; x_wconf 80' lang='lat' dir='ltr'>Sclavorum4</span> <span class='ocrx_word' id='word_1_184' title='bbox 1664 1799 1770 1827; x_wconf 89' lang='lat' dir='ltr'>cum</span> 
     </span>
     <span class='ocr_line' id='line_1_26' title="bbox 191 1840 1769 1898; baseline 0 -13"><span class='ocrx_word' id='word_1_185' title='bbox 191 1840 542 1886; x_wconf 75' lang='lat' dir='ltr'>‚Zuentibaldo‘¹</span> <span class='ocrx_word' id='word_1_186' title='bbox 569 1843 849 1897; x_wconf 90' lang='lat' dir='ltr'>colloquium</span> <span class='ocrx_word' id='word_1_187' title='bbox 871 1842 1072 1894; x_wconf 73' lang='lat' dir='ltr'>ha*buit;</span> <span class='ocrx_word' id='word_1_188' title='bbox 1105 1844 1213 1885; x_wconf 89' lang='lat' dir='ltr'>inde</span> <span class='ocrx_word' id='word_1_189' title='bbox 1244 1844 1293 1884; x_wconf 92' lang='lat' dir='ltr'>in</span> <span class='ocrx_word' id='word_1_190' title='bbox 1315 1843 1503 1885; x_wconf 89' lang='lat' dir='ltr'>Italiam</span> <span class='ocrx_word' id='word_1_191' title='bbox 1534 1844 1769 1898; x_wconf 80' lang='lat' dir='ltr'>profectus</span> 
     </span>
     <span class='ocr_line' id='line_1_27' title="bbox 212 1901 1769 1957; baseline -0.001 -13"><span class='ocrx_word' id='word_1_192' title='bbox 212 1915 315 1944; x_wconf 91' lang='lat' dir='ltr'>cum</span> <span class='ocrx_word' id='word_1_193' title='bbox 338 1902 524 1944; x_wconf 90' lang='lat' dir='ltr'>Witone</span> <span class='ocrx_word' id='word_1_194' title='bbox 556 1905 603 1944; x_wconf 91' lang='lat' dir='ltr'>et</span> <span class='ocrx_word' id='word_1_195' title='bbox 635 1902 838 1952; x_wconf 87' lang='lat' dir='ltr'>caeteris,</span> <span class='ocrx_word' id='word_1_196' title='bbox 871 1915 1065 1956; x_wconf 91' lang='lat' dir='ltr'>quorum</span> <span class='ocrx_word' id='word_1_197' title='bbox 1092 1902 1266 1944; x_wconf 89' lang='lat' dir='ltr'>animos</span> <span class='ocrx_word' id='word_1_198' title='bbox 1298 1915 1419 1944; x_wconf 89' lang='lat' dir='ltr'>anno</span> <span class='ocrx_word' id='word_1_199' title='bbox 1450 1902 1598 1957; x_wconf 87' lang='lat' dir='ltr'>priore</span> <span class='ocrx_word' id='word_1_200' title='bbox 1629 1901 1769 1944; x_wconf 85' lang='lat' dir='ltr'>offen·</span> 
     </span>
     <span class='ocr_line' id='line_1_28' title="bbox 212 1961 995 2015; baseline -0.003 -13"><span class='ocrx_word' id='word_1_201' title='bbox 212 1961 355 2009; x_wconf 87' lang='lat' dir='ltr'>derat,</span> <span class='ocrx_word' id='word_1_202' title='bbox 389 1961 669 2015; x_wconf 87' lang='lat' dir='ltr'>pacificatur.</span> <span class='ocrx_word' id='word_1_203' title='bbox 984 1976 995 1985; x_wconf 88' lang='lat'>·</span> 
     </span>
    </p>

    <p class='ocr_par' dir='ltr' id='par_1_6' title="bbox 207 2018 1974 2295">
     <span class='ocr_line' id='line_1_29' title="bbox 352 2018 1974 2073; baseline 0 -13"><span class='ocrx_word' id='word_1_204' title='bbox 352 2019 638 2060; x_wconf 88' lang='lat' dir='ltr'>Nordmanni</span> <span class='ocrx_word' id='word_1_205' title='bbox 690 2032 794 2060; x_wconf 92' lang='lat' dir='ltr'>cum</span> <span class='ocrx_word' id='word_1_206' title='bbox 844 2018 1126 2060; x_wconf 84' lang='lat' dir='ltr'>Frisionibus</span> <span class='ocrx_word' id='word_1_207' title='bbox 1176 2019 1225 2059; x_wconf 89' lang='lat' dir='ltr'>in</span> <span class='ocrx_word' id='word_1_208' title='bbox 1275 2018 1395 2070; x_wconf 92' lang='lat' dir='ltr'>loco,</span> <span class='ocrx_word' id='word_1_209' title='bbox 1448 2019 1527 2073; x_wconf 90' lang='lat' dir='ltr'>qui</span> <span class='ocrx_word' id='word_1_210' title='bbox 1577 2021 1768 2060; x_wconf 85' lang='lat' dir='ltr'>vocatur</span> <span class='ocrx_word' id='word_1_211' title='bbox 1779 2031 1852 2062; x_wconf 77' lang='lat'>(835.</span> <span class='ocrx_word' id='word_1_212' title='bbox 1864 2031 1925 2059; x_wconf 70' lang='lat'>1⁸12.</span> <span class='ocrx_word' id='word_1_213' title='bbox 1936 2032 1974 2064; x_wconf 76' lang='grc'>6).</span> 
     </span>
     <span class='ocr_line' id='line_1_30' title="bbox 211 2077 1767 2132; baseline -0.001 -13"><span class='ocrx_word' id='word_1_214' title='bbox 211 2077 395 2119; x_wconf 89' lang='lat' dir='ltr'>Norditi</span> <span class='ocrx_word' id='word_1_215' title='bbox 409 2077 435 2128; x_wconf 84' lang='lat'>⁵,</span> <span class='ocrx_word' id='word_1_216' title='bbox 470 2077 740 2120; x_wconf 88' lang='lat' dir='ltr'>dimicantes</span> <span class='ocrx_word' id='word_1_217' title='bbox 772 2079 1046 2132; x_wconf 88' lang='lat' dir='ltr'>superantur</span> <span class='ocrx_word' id='word_1_218' title='bbox 1076 2080 1123 2120; x_wconf 90' lang='lat' dir='ltr'>et</span> <span class='ocrx_word' id='word_1_219' title='bbox 1154 2077 1341 2132; x_wconf 92' lang='lat' dir='ltr'>plurimi</span> <span class='ocrx_word' id='word_1_220' title='bbox 1372 2090 1427 2119; x_wconf 84' lang='lat' dir='ltr'>ex</span> <span class='ocrx_word' id='word_1_221' title='bbox 1458 2077 1522 2119; x_wconf 85' lang='lat' dir='ltr'>eis</span> <span class='ocrx_word' id='word_1_222' title='bbox 1556 2077 1767 2119; x_wconf 90' lang='lat' dir='ltr'>occidun-</span> 
     </span>
     <span class='ocr_line' id='line_1_31' title="bbox 208 2135 1767 2191; baseline -0.001 -14"><span class='ocrx_word' id='word_1_223' title='bbox 208 2139 300 2177; x_wconf 90' lang='lat' dir='ltr'>tur.</span> <span class='ocrx_word' id='word_1_224' title='bbox 372 2136 517 2191; x_wconf 85' lang='lat' dir='ltr'>Super</span> <span class='ocrx_word' id='word_1_225' title='bbox 556 2149 645 2190; x_wconf 90' lang='lat' dir='ltr'>quo</span> <span class='ocrx_word' id='word_1_226' title='bbox 685 2135 883 2191; x_wconf 72' lang='lat' dir='ltr'>proeli0⁶</span> <span class='ocrx_word' id='word_1_227' title='bbox 922 2138 1049 2178; x_wconf 85' lang='lat' dir='ltr'>extat</span> <span class='ocrx_word' id='word_1_228' title='bbox 1089 2135 1283 2191; x_wconf 87' lang='lat' dir='ltr'>epistola</span> <span class='ocrx_word' id='word_1_229' title='bbox 1312 2135 1526 2178; x_wconf 84' lang='lat' dir='ltr'>Rinberti</span> <span class='ocrx_word' id='word_1_230' title='bbox 1566 2135 1767 2190; x_wconf 87' lang='lat' dir='ltr'>episcopi</span> 
     </span>
     <span class='ocr_line' id='line_1_32' title="bbox 208 2194 1767 2250; baseline 0 -15"><span class='ocrx_word' id='word_1_231' title='bbox 208 2195 413 2237; x_wconf 89' lang='lat' dir='ltr'>eiusdem</span> <span class='ocrx_word' id='word_1_232' title='bbox 445 2194 534 2236; x_wconf 90' lang='lat' dir='ltr'>loci</span> <span class='ocrx_word' id='word_1_233' title='bbox 547 2194 563 2219; x_wconf 83' lang='lat'><strong><em>⁶</em></strong></span> <span class='ocrx_word' id='word_1_234' title='bbox 594 2195 653 2236; x_wconf 88' lang='lat' dir='ltr'>ad</span> <span class='ocrx_word' id='word_1_235' title='bbox 674 2194 967 2237; x_wconf 81' lang='lat' dir='ltr'>Liutbertum</span> <span class='ocrx_word' id='word_1_236' title='bbox 987 2194 1354 2249; x_wconf 88' lang='lat' dir='ltr'>Mogontiensem</span> <span class='ocrx_word' id='word_1_237' title='bbox 1375 2194 1767 2250; x_wconf 89' lang='lat' dir='ltr'>archiepiscopum</span> 
     </span>
     <span class='ocr_line' id='line_1_33' title="bbox 207 2253 1400 2295; baseline -0.002 0"><span class='ocrx_word' id='word_1_238' title='bbox 207 2254 439 2295; x_wconf 86' lang='lat' dir='ltr'>destinata</span> <span class='ocrx_word' id='word_1_239' title='bbox 470 2254 593 2295; x_wconf 89' lang='lat' dir='ltr'>hunc</span> <span class='ocrx_word' id='word_1_240' title='bbox 625 2254 812 2295; x_wconf 84' lang='lat' dir='ltr'>modum</span> <span class='ocrx_word' id='word_1_241' title='bbox 843 2253 1082 2295; x_wconf 88' lang='lat' dir='ltr'>continens</span> <span class='ocrx_word' id='word_1_242' title='bbox 1098 2253 1131 2294; x_wconf 85' lang='lat'>⁷:</span> <span class='ocrx_word' id='word_1_243' title='bbox 1167 2283 1400 2294; x_wconf 90' lang='grc'><strong>......</strong></span> 
     </span>
    </p>

    <p class='ocr_par' dir='ltr' id='par_1_7' title="bbox 207 2310 1927 2542">
     <span class='ocr_line' id='line_1_34' title="bbox 350 2310 1927 2366; baseline -0.001 -13"><span class='ocrx_word' id='word_1_244' title='bbox 350 2311 548 2354; x_wconf 87' lang='lat' dir='ltr'>Karolus</span> <span class='ocrx_word' id='word_1_245' title='bbox 599 2312 776 2354; x_wconf 87' lang='lat' dir='ltr'>iuvenis</span> <span class='ocrx_word' id='word_1_246' title='bbox 826 2325 906 2354; x_wconf 86' lang='lat' dir='ltr'>rex</span> <span class='ocrx_word' id='word_1_247' title='bbox 953 2310 1132 2354; x_wconf 82' lang='lat' dir='ltr'>Galliae</span> <span class='ocrx_word' id='word_1_248' title='bbox 1183 2312 1232 2353; x_wconf 91' lang='lat' dir='ltr'>in</span> <span class='ocrx_word' id='word_1_249' title='bbox 1278 2312 1476 2366; x_wconf 89' lang='lat' dir='ltr'>quadam</span> <span class='ocrx_word' id='word_1_250' title='bbox 1521 2311 1764 2353; x_wconf 86' lang='lat' dir='ltr'>venatione</span> <span class='ocrx_word' id='word_1_251' title='bbox 1777 2323 1862 2357; x_wconf 69' lang='lat' dir='ltr'>(nee.</span> <span class='ocrx_word' id='word_1_252' title='bbox 1874 2324 1927 2355; x_wconf 65' lang='grc' dir='ltr'><strong>ιε).</strong></span> 
     </span>
     <span class='ocr_line' id='line_1_35' title="bbox 207 2370 1765 2426; baseline -0.001 -15"><span class='ocrx_word' id='word_1_253' title='bbox 207 2371 375 2412; x_wconf 88' lang='lat' dir='ltr'>ictibus</span> <span class='ocrx_word' id='word_1_254' title='bbox 406 2371 643 2412; x_wconf 84' lang='lat' dir='ltr'>cuiusdam</span> <span class='ocrx_word' id='word_1_255' title='bbox 674 2370 773 2426; x_wconf 89' lang='lat' dir='ltr'>apri</span> <span class='ocrx_word' id='word_1_256' title='bbox 802 2370 952 2412; x_wconf 81' lang='lat' dir='ltr'>fertur</span> <span class='ocrx_word' id='word_1_257' title='bbox 982 2370 1177 2421; x_wconf 86' lang='lat' dir='ltr'>occisus;</span> <span class='ocrx_word' id='word_1_258' title='bbox 1219 2383 1268 2412; x_wconf 93' lang='lat' dir='ltr'>re</span> <span class='ocrx_word' id='word_1_259' title='bbox 1300 2372 1456 2412; x_wconf 85' lang='lat' dir='ltr'>autem</span> <span class='ocrx_word' id='word_1_260' title='bbox 1485 2383 1594 2412; x_wconf 82' lang='lat' dir='ltr'>vera</span> <span class='ocrx_word' id='word_1_261' title='bbox 1625 2382 1652 2410; x_wconf 86' lang='lat' dir='ltr'>a</span> <span class='ocrx_word' id='word_1_262' title='bbox 1682 2382 1765 2411; x_wconf 93' lang='lat' dir='ltr'>suo</span> 
     </span>
     <span class='ocr_line' id='line_1_36' title="bbox 208 2428 1765 2484; baseline -0.001 -14"><span class='ocrx_word' id='word_1_263' title='bbox 208 2429 409 2471; x_wconf 88' lang='lat' dir='ltr'>satellite</span> <span class='ocrx_word' id='word_1_264' title='bbox 448 2429 497 2470; x_wconf 90' lang='lat' dir='ltr'>in</span> <span class='ocrx_word' id='word_1_265' title='bbox 537 2429 697 2471; x_wconf 91' lang='lat' dir='ltr'>eadem</span> <span class='ocrx_word' id='word_1_266' title='bbox 727 2429 971 2471; x_wconf 85' lang='lat' dir='ltr'>venatione</span> <span class='ocrx_word' id='word_1_267' title='bbox 1010 2442 1104 2471; x_wconf 92' lang='lat' dir='ltr'>non</span> <span class='ocrx_word' id='word_1_268' title='bbox 1144 2431 1306 2484; x_wconf 88' lang='lat' dir='ltr'>sponte</span> <span class='ocrx_word' id='word_1_269' title='bbox 1337 2428 1605 2470; x_wconf 84' lang='lat' dir='ltr'>vulneratus</span> <span class='ocrx_word' id='word_1_270' title='bbox 1636 2440 1765 2469; x_wconf 89' lang='lat' dir='ltr'>occu-</span> 
     </span>
     <span class='ocr_line' id='line_1_37' title="bbox 207 2486 1765 2542; baseline -0.001 -14"><span class='ocrx_word' id='word_1_271' title='bbox 207 2487 310 2528; x_wconf 90' lang='lat' dir='ltr'>buit</span> <span class='ocrx_word' id='word_1_272' title='bbox 323 2487 351 2527; x_wconf 71' lang='lat'>8.</span> <span class='ocrx_word' id='word_1_273' title='bbox 413 2487 548 2529; x_wconf 88' lang='lat' dir='ltr'>Unde</span> <span class='ocrx_word' id='word_1_274' title='bbox 579 2487 877 2538; x_wconf 87' lang='lat' dir='ltr'>Nordmanni,</span> <span class='ocrx_word' id='word_1_275' title='bbox 916 2488 994 2542; x_wconf 90' lang='lat' dir='ltr'>qui</span> <span class='ocrx_word' id='word_1_276' title='bbox 1030 2501 1223 2542; x_wconf 88' lang='lat' dir='ltr'>regnum</span> <span class='ocrx_word' id='word_1_277' title='bbox 1253 2487 1379 2529; x_wconf 91' lang='lat' dir='ltr'>illius</span> <span class='ocrx_word' id='word_1_278' title='bbox 1411 2486 1590 2542; x_wconf 87' lang='lat' dir='ltr'>praedis</span> <span class='ocrx_word' id='word_1_279' title='bbox 1623 2488 1670 2528; x_wconf 88' lang='lat' dir='ltr'>et</span> <span class='ocrx_word' id='word_1_280' title='bbox 1701 2486 1765 2527; x_wconf 88' lang='lat' dir='ltr'>in-</span> 
     </span>
    </p>
   </div>
   <div class='ocr_carea' id='block_1_3' title="bbox 207 2587 1715 2620">
    <p class='ocr_par' dir='ltr' id='par_1_8' title="bbox 207 2587 1715 2620">
     <span class='ocr_line' id='line_1_38' title="bbox 207 2587 1715 2620; baseline -0.001 -6"><span class='ocrx_word' id='word_1_281' title='bbox 207 2591 238 2619; x_wconf 66' lang='lat' dir='ltr'>a)</span> <span class='ocrx_word' id='word_1_282' title='bbox 256 2589 375 2614; x_wconf 72' lang='lat' dir='ltr'>alisatia</span> <span class='ocrx_word' id='word_1_283' title='bbox 394 2590 455 2617; x_wconf 79' lang='lat' dir='ltr'>cod.</span> <span class='ocrx_word' id='word_1_284' title='bbox 527 2589 557 2619; x_wconf 90' lang='lat' dir='ltr'>b)</span> <span class='ocrx_word' id='word_1_285' title='bbox 577 2589 754 2615; x_wconf 70' lang='lat' dir='ltr'>wormaciae</span> <span class='ocrx_word' id='word_1_286' title='bbox 773 2590 834 2618; x_wconf 75' lang='lat' dir='ltr'>cod.</span> <span class='ocrx_word' id='word_1_287' title='bbox 907 2592 934 2620; x_wconf 90' lang='lat' dir='ltr'>c)</span> <span class='ocrx_word' id='word_1_288' title='bbox 954 2590 1051 2618; x_wconf 81' lang='lat' dir='ltr'>hluth.</span> <span class='ocrx_word' id='word_1_289' title='bbox 1069 2590 1131 2617; x_wconf 82' lang='lat' dir='ltr'>cod.</span> <span class='ocrx_word' id='word_1_290' title='bbox 1203 2587 1234 2620; x_wconf 85' lang='lat' dir='ltr'>d)</span> <span class='ocrx_word' id='word_1_291' title='bbox 1253 2591 1372 2616; x_wconf 79' lang='lat' dir='ltr'>zuucnt.</span> <span class='ocrx_word' id='word_1_292' title='bbox 1392 2588 1453 2616; x_wconf 80' lang='lat' dir='ltr'>cod.</span> <span class='ocrx_word' id='word_1_293' title='bbox 1525 2590 1554 2618; x_wconf 78' lang='lat' dir='ltr'>e)</span> <span class='ocrx_word' id='word_1_294' title='bbox 1574 2587 1634 2620; x_wconf 71' lang='lat'>5110</span> <span class='ocrx_word' id='word_1_295' title='bbox 1653 2587 1715 2615; x_wconf 81' lang='lat' dir='ltr'>cod.</span> 
     </span>
    </p>
   </div>
   <div class='ocr_carea' id='block_1_4' title="bbox 206 2658 1765 2985">
    <p class='ocr_par' dir='ltr' id='par_1_9' title="bbox 206 2658 1765 2985">
     <span class='ocr_line' id='line_1_39' title="bbox 210 2658 1764 2704; baseline -0.003 -9"><span class='ocrx_word' id='word_1_296' title='bbox 210 2660 244 2701; x_wconf 91' lang='lat'>1)</span> <span class='ocrx_word' id='word_1_297' title='bbox 267 2659 440 2699; x_wconf 82' lang='lat' dir='ltr'>Kolmar,·</span> <span class='ocrx_word' id='word_1_298' title='bbox 466 2659 651 2693; x_wconf 67' lang='lat' dir='ltr'>Dammler</span> <span class='ocrx_word' id='word_1_299' title='bbox 675 2659 747 2702; x_wconf 89' lang='lat' dir='ltr'>III,</span> <span class='ocrx_word' id='word_1_300' title='bbox 772 2671 808 2704; x_wconf 81' lang='lat' dir='ltr'>p.</span> <span class='ocrx_word' id='word_1_301' title='bbox 825 2661 906 2695; x_wconf 88' lang='lat'>221.</span> <span class='ocrx_word' id='word_1_302' title='bbox 1002 2661 1039 2703; x_wconf 89' lang='lat'>2)</span> <span class='ocrx_word' id='word_1_303' title='bbox 1062 2660 1258 2703; x_wconf 66' lang='lat' dir='ltr'>Dutsburq,</span> <span class='ocrx_word' id='word_1_304' title='bbox 1284 2660 1347 2693; x_wconf 78' lang='lat' dir='ltr'>ubi</span> <span class='ocrx_word' id='word_1_305' title='bbox 1369 2660 1474 2693; x_wconf 48' lang='lat' dir='ltr'>ettam</span> <span class='ocrx_word' id='word_1_306' title='bbox 1499 2658 1764 2698; x_wconf 63' lang='lat' dir='ltr'>humaverant,-</span> 
     </span>
     <span class='ocr_line' id='line_1_40' title="bbox 209 2704 1763 2749; baseline 0.001 -10"><span class='ocrx_word' id='word_1_307' title='bbox 209 2706 442 2739; x_wconf 60' lang='lat' dir='ltr'>Mffhlbacher</span> <span class='ocrx_word' id='word_1_308' title='bbox 466 2717 523 2742; x_wconf 78' lang='lat' dir='ltr'>nr.</span> <span class='ocrx_word' id='word_1_309' title='bbox 542 2706 670 2741; x_wconf 69' lang='lat'>163311.</span> <span class='ocrx_word' id='word_1_310' title='bbox 743 2708 779 2749; x_wconf 88' lang='grc'>3)</span> <span class='ocrx_word' id='word_1_311' title='bbox 804 2707 919 2742; x_wconf 74' lang='lat' dir='ltr'>Gisla.</span> <span class='ocrx_word' id='word_1_312' title='bbox 1003 2707 1040 2749; x_wconf 84' lang='lat'>4)</span> <span class='ocrx_word' id='word_1_313' title='bbox 1064 2708 1245 2740; x_wconf 74' lang='lat' dir='ltr'>Autumno</span> <span class='ocrx_word' id='word_1_314' title='bbox 1268 2707 1379 2746; x_wconf 80' lang='lat' dir='ltr'>anni,·</span> <span class='ocrx_word' id='word_1_315' title='bbox 1403 2706 1448 2747; x_wconf 80' lang='lat' dir='ltr'>cf.</span> <span class='ocrx_word' id='word_1_316' title='bbox 1468 2705 1607 2740; x_wconf 77' lang='lat' dir='ltr'>Contin.</span> <span class='ocrx_word' id='word_1_317' title='bbox 1625 2704 1763 2741; x_wconf 70' lang='lat' dir='ltr'>Ratisb.</span> 
     </span>
     <span class='ocr_line' id='line_1_41' title="bbox 206 2750 1765 2797; baseline -0.001 -11"><span class='ocrx_word' id='word_1_318' title='bbox 206 2764 241 2788; x_wconf 85' lang='grc' dir='ltr'>α.</span> <span class='ocrx_word' id='word_1_319' title='bbox 259 2754 330 2789; x_wconf 86' lang='grc'>884</span> <span class='ocrx_word' id='word_1_320' title='bbox 350 2755 481 2797; x_wconf 79' lang='lat' dir='ltr'>(prope</span> <span class='ocrx_word' id='word_1_321' title='bbox 496 2751 677 2787; x_wconf 79' lang='lat' dir='ltr'>&#39;ruffinam</span> <span class='ocrx_word' id='word_1_322' title='bbox 694 2750 823 2787; x_wconf 81' lang='lat' dir='ltr'>Monte</span> <span class='ocrx_word' id='word_1_323' title='bbox 840 2752 1038 2796; x_wconf 80' lang='lat' dir='ltr'>Comiano)‚</span> <span class='ocrx_word' id='word_1_324' title='bbox 1064 2754 1251 2787; x_wconf 63' lang='lat' dir='ltr'>demler</span> <span class='ocrx_word' id='word_1_325' title='bbox 1267 2753 1340 2795; x_wconf 86' lang='lat' dir='ltr'>III,</span> <span class='ocrx_word' id='word_1_326' title='bbox 1357 2765 1394 2797; x_wconf 78' lang='lat' dir='ltr'>p.</span> <span class='ocrx_word' id='word_1_327' title='bbox 1411 2753 1493 2788; x_wconf 85' lang='lat'>225.</span> <span class='ocrx_word' id='word_1_328' title='bbox 1566 2752 1602 2794; x_wconf 89' lang='grc'>5)</span> <span class='ocrx_word' id='word_1_329' title='bbox 1618 2752 1765 2785; x_wconf 79' lang='lat' dir='ltr'>Norden</span> 
     </span>
     <span class='ocr_line' id='line_1_42' title="bbox 207 2798 1765 2844; baseline -0.001 -12"><span class='ocrx_word' id='word_1_330' title='bbox 207 2801 247 2832; x_wconf 79' lang='lat' dir='ltr'>in</span> <span class='ocrx_word' id='word_1_331' title='bbox 272 2800 397 2833; x_wconf 67' lang='lat' dir='ltr'>Frisia</span> <span class='ocrx_word' id='word_1_332' title='bbox 428 2801 616 2840; x_wconf 78' lang='lat' dir='ltr'>orientali,·</span> <span class='ocrx_word' id='word_1_333' title='bbox 645 2810 780 2844; x_wconf 76' lang='lat' dir='ltr'>paqum</span> <span class='ocrx_word' id='word_1_334' title='bbox 811 2799 903 2833; x_wconf 82' lang='lat' dir='ltr'>hunc</span> <span class='ocrx_word' id='word_1_335' title='bbox 932 2800 982 2833; x_wconf 81' lang='lat' dir='ltr'>ad</span> <span class='ocrx_word' id='word_1_336' title='bbox 1006 2801 1225 2834; x_wconf 76' lang='lat' dir='ltr'>Bremensem</span> <span class='ocrx_word' id='word_1_337' title='bbox 1249 2800 1411 2833; x_wconf 66' lang='lat' dir='ltr'>diocesim</span> <span class='ocrx_word' id='word_1_338' title='bbox 1434 2799 1647 2843; x_wconf 47' lang='lat' dir='ltr'>periimus-ee</span> <span class='ocrx_word' id='word_1_339' title='bbox 1670 2798 1765 2832; x_wconf 60' lang='lat' dir='ltr'>docet</span> 
     </span>
     <span class='ocr_line' id='line_1_43' title="bbox 208 2845 1763 2891; baseline -0.001 -12"><span class='ocrx_word' id='word_1_340' title='bbox 208 2846 339 2882; x_wconf 82' lang='lat' dir='ltr'>Chron.</span> <span class='ocrx_word' id='word_1_341' title='bbox 358 2847 479 2883; x_wconf 69' lang='lat' dir='ltr'>Moiss.</span> <span class='ocrx_word' id='word_1_342' title='bbox 501 2858 536 2883; x_wconf 85' lang='lat' dir='ltr'>a.</span> <span class='ocrx_word' id='word_1_343' title='bbox 553 2848 622 2883; x_wconf 84' lang='lat'>787</span> <span class='ocrx_word' id='word_1_344' title='bbox 648 2846 732 2887; x_wconf 85' lang='lat' dir='ltr'>(SS.</span> <span class='ocrx_word' id='word_1_345' title='bbox 755 2847 785 2889; x_wconf 85' lang='lat' dir='ltr'>I,</span> <span class='ocrx_word' id='word_1_346' title='bbox 807 2858 846 2890; x_wconf 81' lang='lat' dir='ltr'>p.</span> <span class='ocrx_word' id='word_1_347' title='bbox 864 2847 963 2888; x_wconf 84' lang='grc'>298).</span> <span class='ocrx_word' id='word_1_348' title='bbox 1060 2847 1096 2891; x_wconf 86' lang='grc'>6)</span> <span class='ocrx_word' id='word_1_349' title='bbox 1119 2847 1330 2882; x_wconf 68' lang='lat' dir='ltr'>Bremenffl&#39;s.</span> <span class='ocrx_word' id='word_1_350' title='bbox 1427 2847 1462 2889; x_wconf 82' lang='lat'>7)</span> <span class='ocrx_word' id='word_1_351' title='bbox 1485 2846 1555 2879; x_wconf 81' lang='lat' dir='ltr'>Hic</span> <span class='ocrx_word' id='word_1_352' title='bbox 1578 2845 1763 2889; x_wconf 70' lang='lat' dir='ltr'>epistolam</span> 
     </span>
     <span class='ocr_line' id='line_1_44' title="bbox 207 2891 1764 2938; baseline -0.001 -12"><span class='ocrx_word' id='word_1_353' title='bbox 207 2894 378 2927; x_wconf 70' lang='lat' dir='ltr'>insertam</span> <span class='ocrx_word' id='word_1_354' title='bbox 412 2894 522 2935; x_wconf 66' lang='lat' dir='ltr'>fuisse</span> <span class='ocrx_word' id='word_1_355' title='bbox 551 2898 659 2938; x_wconf 77' lang='lat' dir='ltr'>patet,</span> <span class='ocrx_word' id='word_1_356' title='bbox 695 2904 718 2926; x_wconf 89' lang='grc' dir='ltr'><em>α</em></span> <span class='ocrx_word' id='word_1_357' title='bbox 751 2894 920 2937; x_wconf 65' lang='lat' dir='ltr'>scriptore</span> <span class='ocrx_word' id='word_1_358' title='bbox 952 2894 1079 2927; x_wconf 67' lang='lat' dir='ltr'>codicis</span> <span class='ocrx_word' id='word_1_359' title='bbox 1105 2894 1224 2927; x_wconf 73' lang='lat' dir='ltr'>nostri</span> <span class='ocrx_word' id='word_1_360' title='bbox 1251 2894 1428 2928; x_wconf 71' lang='lat' dir='ltr'>omissam.</span> <span class='ocrx_word' id='word_1_361' title='bbox 1470 2892 1510 2928; x_wconf 93' lang='lat' dir='ltr'>P.</span> <span class='ocrx_word' id='word_1_362' title='bbox 1640 2891 1678 2934; x_wconf 88' lang='grc'>8)</span> <span class='ocrx_word' id='word_1_363' title='bbox 1706 2891 1764 2933; x_wconf 82' lang='lat' dir='ltr'>Cf.</span> 
     </span>
     <span class='ocr_line' id='line_1_45' title="bbox 209 2940 1123 2985; baseline 0.003 -12"><span class='ocrx_word' id='word_1_364' title='bbox 209 2940 333 2983; x_wconf 69' lang='lat' dir='ltr'>Reqcn.</span> <span class='ocrx_word' id='word_1_365' title='bbox 358 2941 479 2977; x_wconf 82' lang='lat' dir='ltr'>chron.</span> <span class='ocrx_word' id='word_1_366' title='bbox 503 2952 538 2977; x_wconf 86' lang='grc' dir='ltr'>α.</span> <span class='ocrx_word' id='word_1_367' title='bbox 562 2942 643 2983; x_wconf 85' lang='lat'>884,</span> <span class='ocrx_word' id='word_1_368' title='bbox 674 2940 859 2973; x_wconf 68' lang='lat' dir='ltr'>demler</span> <span class='ocrx_word' id='word_1_369' title='bbox 883 2940 956 2982; x_wconf 88' lang='lat' dir='ltr'>III,</span> <span class='ocrx_word' id='word_1_370' title='bbox 979 2952 1017 2985; x_wconf 80' lang='lat' dir='ltr'>p.</span> <span class='ocrx_word' id='word_1_371' title='bbox 1042 2941 1123 2976; x_wconf 81' lang='lat'>232.</span> 
     </span>
    </p>
   </div>
  </div>
 </body>
</html>
