2020 3358
560 312 759 350 CONTIN.
783 313 974 351 ALTAH.
1022 314 1070 350 A.
1096 317 1175 351 900.
1202 317 1282 352 901.
1632 318 1700 353 135

142 435 352 490 episcopo
399 435 647 476 comitante
692 434 818 476 ultra
858 434 1122 476 Danuvium
1165 448 1241 476 eos
1280 436 1611 490 insequendum
1652 450 1699 479 se

140 493 435 548 transposuit.
508 492 818 547 Oonsertoque
863 493 970 534 ilico
1014 506 1116 534 cum
1159 493 1251 534 illis
1298 494 1443 548 prelio
1482 494 1700 537 nobiliter

142 552 410 594 dimicatum
441 554 524 601 est,
566 552 646 594 sed
676 551 877 593 nobilius
907 551 1260 606 triumphatum.
1322 551 1442 593 Nam
1473 553 1522 594 in
1554 553 1700 607 prima

142 611 458 665 congressione
490 610 601 652 belli
631 612 766 652 tanta
797 610 884 652 Dei
915 610 1066 664 gratia
1098 610 1360 652 christianis
1392 611 1604 660 occurrit,
1644 614 1700 653 ut

140 669 268 711 mille
301 668 375 711 CO
415 669 661 723 gentilium
700 670 822 711 inter
862 669 1033 710 occisos
1075 671 1140 719 et,
1190 670 1269 723 qui
1308 682 1355 711 se
1396 669 1445 710 in
1486 669 1698 711 Danuvio
1711 685 1797 716 (nov.
1807 685 1861 716 πο).

139 730 404 777 merserant,
445 728 670 783 perempti
709 728 1026 770 invenirentur
1040 727 1066 767 ¹.
1130 727 1219 769 Vix
1249 730 1435 770 tantum
1465 742 1611 769 unum
1643 729 1699 771 de

141 786 401 828 christianis
442 787 642 828 occisum
678 787 727 828 in
767 788 991 841 apparatu
1029 786 1141 828 belli
1172 786 1430 829 inveniunt.
1496 784 1595 840 [Ina
1631 800 1699 829 eo-

140 845 244 887 dem
284 845 385 887 loco
425 847 528 900 post
558 845 799 887 victoriam
838 845 932 887 illis
965 845 1129 887 celitus
1161 846 1319 887 datam
1351 846 1580 900 congressi
1613 845 1699 888 cla-

139 916 263 945 more
294 900 474 958 magno]
508 904 557 945 in
590 904 687 946 celo
718 905 826 946 inde
854 903 954 946 Deo
986 904 1157 958 gratias
1190 904 1441 946 clamantes
1471 904 1697 955 ferebant,

138 962 217 1015 qm·
262 976 356 1004 non
402 963 451 1003 in
496 963 797 1005 multitudine
844 963 1100 1013 hominum,
1158 963 1238 1005 sed
1283 963 1700 1005 misericordiarum

138 1034 323 1062 suarum
353 1021 527 1076 pietate
558 1022 727 1064 liberat
758 1023 992 1077 sperantes
1024 1022 1074 1062 in
1104 1035 1165 1064 se.
1217 1021 1422 1064 Tandem
1452 1021 1565 1063 laeti
1595 1024 1700 1077 post

137 1081 318 1122 tantam
348 1077 614 1123 victoriamb
652 1082 711 1123 ad
742 1081 899 1131 socios,
938 1081 1062 1122 unde
1093 1083 1327 1129 venerant,
1365 1080 1559 1136 regressi
1591 1082 1699 1122 sunt

139 1141 186 1180 et
218 1139 434 1181 citissime
465 1140 515 1180 in
545 1140 594 1181 id
624 1141 775 1195 ipsum
805 1142 986 1194 tempus
1008 1153 1089 1194 pro
1110 1139 1335 1181 tuitione⁰
1363 1139 1548 1181 illorum
1568 1139 1699 1194 regni

138 1197 467 1239 validissimam
506 1199 667 1240 urbem
682 1199 697 1223 ²
741 1199 790 1240 in
830 1198 987 1240 littore
1028 1199 1169 1240 Anesi
1215 1198 1416 1239 fluminis
1456 1211 1586 1239 muro
1625 1197 1699 1239 ob·

139 1259 404 1311 posuerunt.
467 1256 568 1309 Quo
599 1260 784 1313 peracto
815 1257 1128 1312 unusquisque
1159 1257 1397 1299 redierunt
1427 1257 1476 1298 in
1508 1270 1602 1298 sua.

869 1371 967 1418 901.

281 1444 521 1487 DOOOOI.
600 1444 825 1487 Generale
879 1445 1102 1501 placitum
1147 1440 1455 1499 Radaspona‘1
1512 1444 1698 1486 civitate
1711 1459 1806 1490 (Iam).

138 1502 351 1544 habitum
391 1506 473 1545 est.
543 1503 617 1545 Ibi
657 1504 778 1546 inter
817 1504 910 1546 alia
948 1505 1075 1546 missi
1114 1504 1495 1545 Marahavorum0
1539 1515 1698 1557 pacem

139 1564 352 1617 optantes
373 1565 700 1617 pervenerunt;
735 1563 857 1616 quod
883 1577 1000 1613 mox,
1033 1565 1088 1604 ut
1108 1557 1387 1618 petierunts‚
1422 1561 1698 1616 complacuit

139 1623 186 1662 et
216 1621 476 1663 iuramento
507 1622 740 1662 firmatum
772 1623 854 1663 est.
917 1621 1034 1663 Inde
1066 1621 1124 1663 ob
1156 1622 1244 1662 hoc
1275 1621 1426 1676 ipsum
1456 1620 1698 1661 Richarius

139 1680 376 1734 episcopus
409 1682 455 1721 et
478 1680 758 1721 Udalricusg
794 1680 970 1722 comes3
990 1675 1273 1722 Marahavah
1310 1679 1434 1721 missi
1466 1681 1586 1729 sunt,
1620 1679 1699 1733 qui

138 1739 298 1780 eodem
317 1741 490 1789 tenore,
523 1741 577 1780 ut
598 1739 647 1780 in
669 1735 945 1781 Baiowariai
974 1739 1207 1781 firmatum
1226 1739 1332 1788 fuit,
1364 1739 1515 1793 ipsum
1536 1738 1699 1779 ducem

139 1799 186 1839 et
217 1811 374 1839 omnes
405 1798 623 1852 primates
655 1798 752 1840 eius
785 1799 978 1840 eandem
1015 1811 1176 1853 pacem
1207 1810 1254 1839 se
1286 1799 1543 1839 servaturos
1582 1796 1698 1837 iura-

137 1859 291 1898 mento
325 1857 709 1898 constrinxerunt.

281 1915 524 1957 Interdum
555 1929 661 1957 vero
700 1911 904 1970 Ungarik
940 1915 1187 1957 australem
1225 1917 1403 1970 partem
1439 1913 1570 1968 regni
1601 1912 1698 1954 illo-

136 1987 238 2014 rum
272 1970 610 2015 Caruntanum¹
653 1975 933 2016 devastando
964 1974 1231 2016 invaserunt
1243 1974 1273 2013 4.

278 2032 376 2074 Rex
415 2046 522 2075 vero
569 2046 649 2088 per
687 2033 1030 2083 Alamanniam,
1080 2046 1238 2074 causas
1285 2032 1350 2074 ibi
1398 2031 1695 2086 disponendo,

137 2091 307 2145 pascha
339 2091 526 2133 Domini
558 2092 884 2134 celebrandum
916 2092 1196 2134 Franciamm
1229 2091 1376 2146 petiit.
1711 2103 1836 2135 Apmz.

136 2207 164 2235 a)
184 2205 219 2230 In
239 2219 273 2224 —
293 2213 399 2238 magno
425 2207 522 2231 eadem
545 2213 633 2231 manu
652 2207 682 2230 in
701 2207 832 2238 mar-uine
852 2206 992 2237 inferiore
1013 2206 1115 2231 addita
1134 2208 1200 2231 eunt
1218 2206 1244 2234 3.
1342 2205 1372 2235 b)
1396 2205 1449 2229 hoc
1473 2204 1557 2230 verbo
1581 2203 1636 2235 fol.
1653 2203 1698 2228 46¹

136 2241 298 2271 clauditum
317 2242 384 2273 duo,
404 2248 476 2274 quae
494 2242 691 2274 sequebantur,
711 2241 788 2273 folia
807 2242 941 2273 fasciculi
959 2242 1060 2267 decimi
1078 2242 1181 2266 intima
1200 2241 1365 2266 exciderunt
1385 2240 1401 2266 3
1407 2248 1418 2272 ,⁰
1436 2246 1508 2272 quae
1524 2240 1569 2264 illi
1587 2239 1696 2270 desunt,

136 2277 166 2301 in
185 2276 266 2304 codd.
285 2278 348 2304 3c.e
368 2277 559 2304 bwem'untur.
659 2279 687 2308 c)
707 2277 838 2303 tuicione
859 2278 899 2304 3ο.
998 2275 1029 2310 d)
1049 2275 1210 2302 radisbona
1229 2277 1269 2304 3⁰.
1372 2277 1399 2306 e)
1418 2282 1606 2301 maravorum
1625 2274 1665 2301 3c.
1675 2280 1697 2301 e.

135 2311 159 2340 f)
179 2312 336 2343 pecierunt
355 2312 395 2340 30.
476 2314 505 2344 g)
525 2310 704 2338 waldaricus
723 2313 763 2340 3e.
845 2312 876 2345 h)
895 2312 1059 2338 marahaha
1077 2312 1124 2345 3⁰3
1149 2312 1292 2337 marahaa
1311 2312 1351 2339 32.
1433 2311 1454 2341 i)
1473 2310 1606 2336 baioaria
1625 2310 1697 2337 30.e.

135 2346 168 2379 k)
187 2347 304 2379 ungarii
324 2348 363 2375 3e.
436 2347 457 2379 1)
478 2351 675 2373 eoruntanum
695 2348 734 2375 32.
807 2349 846 2378 m)
866 2348 1006 2373 frantiam
1026 2348 1066 2374 32.

138 2441 172 2481 1)
195 2441 395 2477 Kalendar.
420 2442 603 2485 Frisfflffi:
636 2440 726 2477 ΧΠ.
751 2440 836 2477 Kal.
862 2441 949 2477 Dec.
975 2440 1130 2487 Ungarii
1155 2452 1176 2475 a
1200 2439 1375 2474 Baioariis
1409 2438 1589 2484 perempti
1614 2440 1698 2472 sunt

136 2487 195 2522 die
219 2486 335 2531 Iovis;
360 2489 405 2531 cf.
432 2489 620 2523 Boehmeri
643 2490 755 2531 fontes
779 2489 846 2532 IV,
874 2490 954 2532 587,
982 2489 1169 2522 Dic‘mmler
1189 2489 1262 2531 III,
1284 2500 1323 2532 p.
1342 2489 1422 2524 515.
1519 2487 1555 2528 2)
1579 2486 1697 2518 Enns-

137 2535 237 2577 bury.
310 2537 346 2580 3)
362 2537 543 2579 Paqorum
561 2537 670 2569 Linz-
687 2540 717 2570 et
735 2537 940 2579 Argyenyau,
968 2537 1009 2570 de
1033 2546 1101 2580 quo
1121 2537 1165 2578 cf.
1182 2535 1369 2568 Dilmmler
1386 2534 1458 2576 III,
1482 2545 1519 2578 p.
1538 2534 1605 2568 341
1625 2543 1696 2575 sqq.

135 2583 172 2625 4)
201 2582 297 2617 Unde
320 2584 418 2618 clade
443 2585 534 2628 Apr.
555 2586 610 2626 11,
639 2588 677 2617 ut
702 2584 851 2626 videtur,
878 2587 1016 2627 accepta
1040 2583 1234 2617 redierunt.
