2020 3358
294 304 317 339 8
646 298 765 335 ANN.
788 299 935 337 FULD.
962 298 1094 336 PARS
1118 299 1150 336 Ι.
1173 299 1492 345 (SELIGENST.)

72 413 281 476 Οὓὲἅῐὲέζ
334 464 377 499 lit
434 415 693 498 DCOIffXXIHI.
748 415 788 452 H
797 427 819 452 o
830 427 850 452 c
860 417 873 437 ¹
910 427 1005 452 anno
1042 427 1062 452 c
1072 427 1094 452 o
1103 427 1129 452 ιι
1138 417 1176 452 ti
1183 417 1229 462 gi
1238 420 1255 452 t
1289 416 1404 453 hiems
1417 423 1439 444 ⁸
1478 417 1597 452 valida
1634 421 1670 453 et
1703 420 1849 463 praeter

71 517 281 550 channae.
294 474 333 499 ΒΟ
377 474 646 546 ulegssoLXaV.
671 508 978 564 uHruodgtangus
1001 508 1218 563 Mettensisb
1249 509 1349 545 urbis
1373 510 1664 565 archiepiscopus
1695 522 1848 564 corpora

159 564 195 593 A.
205 564 280 593 sma.
294 559 508 640 afficta&
517 555 575 638 Gilc:
620 555 1119 639 oml’cifflgogzsstffliffl
1139 567 1161 591 a
1185 555 1301 592 Paulo
1318 556 1506 593 Romanae
1531 558 1625 593 sedls
1649 558 1847 602 apostohco

71 657 180 686 chrm.
190 657 230 690 11,
238 657 281 686 28.
434 649 666 687 DOOLXVI.
715 649 884 694 Corpus
900 650 1022 685 sancti
1039 648 1224 695 Gorgonii
1240 649 1407 686 conditu
1417 662 1455 685 m
1477 653 1545 686 est
1561 651 1599 685 in
1616 651 1846 694 monasterio,

294 697 353 733 cui
376 697 594 733 vocabulum
617 699 671 732 est
690 695 849 741 ‘Gorzia,
874 696 998 732 sancti
1021 707 1136 731 vero
1156 695 1313 732 Naboris
1336 697 1375 732 in
1399 697 1469 732 alio
1494 698 1724 742 monasterio,
1750 697 1876 742 quod*
1897 727 1904 734 .

294 755 428 791 dicitur
449 754 554 791 Nova
563 775 578 781 -
588 755 687 799 cella,
712 753 843 789 Nazari
852 754 890 789 ie
922 765 944 790 a
952 766 976 789 u
986 757 1003 790 t
1011 765 1031 790 e
1039 766 1077 789 m
1108 754 1147 789 in
1170 755 1390 790 monasterio
1415 755 1639 791 Lauresham
1650 755 1667 782 f
1674 782 1683 799 ,
1725 749 1847 802 quod

295 809 364 849 est
395 807 444 848 in
476 805 723 848 Germania
735 805 771 855 3;
813 813 852 848 in
885 813 998 857 quib
1010 824 1061 848 us
1092 813 1180 848 locis
1204 814 1386 848 miraculis
1410 814 1580 848 vivunt
1608 816 1654 849 et
1677 813 1846 859 gloria.

160 867 196 896 A.
205 867 280 895 sith.
434 859 687 895 DGCLXVII.
712 859 908 896 Lemovica
919 859 1167 904 Aquitaniaes
1184 859 1341 906 Pippino
1355 871 1435 906 exp
1443 872 1467 895 u
1474 872 1529 906 gn
1537 872 1589 895 an
1596 863 1638 896 te
1651 863 1758 906 capta
1770 871 1791 895 e
1798 872 1814 895 s
1821 863 1847 897 t.

72 902 140 930 ΟΜ·
150 903 183 931 1²·
194 903 234 934 1¹2
246 903 279 929 ²⁷
433 906 709 943 DCGLXVIII.
757 906 934 952 Pippinus
949 906 1119 942 interfect
1126 918 1148 942 o
1155 907 1169 926 ⁴
1186 907 1271 942 Wm·
1280 919 1304 952 p
1314 907 1394 942 hari
1404 919 1425 942 0
1451 919 1471 942 e
1480 911 1495 942 t
1519 908 1625 942 omni
1642 907 1819 952 Aquitani
1827 918 1848 942 a

119 938 195 966 ⁰²¹³·
205 938 281 965 ΒΜ·
294 955 412 990 subac
422 957 468 989 ta
491 953 634 989 rediens
651 952 749 998 apud
765 952 935 988 Parisios
951 952 1062 990 vm.
1079 953 1163 990 Kal.
1180 953 1328 990 Octobr.
1354 954 1451 989 diem
1469 954 1559 989 obiit
1575 965 1670 989 anno
1688 953 1843 989 aetatish

294 1000 440 1046 LmI.;
473 1000 539 1036 filii
547 1012 571 1045 q
580 1012 604 1035 u
615 1011 635 1036 e
667 1000 742 1035 eius
770 999 917 1035 Gai-lusi
953 1002 990 1035 et
1015 999 1275 1035 Carlomannus
1286 1000 1310 1027 k
1345 1000 1477 1036 infulas
1509 1012 1550 1036 re
1601 1001 1613 1035 i
1638 1001 1847 1046 suscipiunt.

72 1054 141 1083 cnr.
147 1055 181 1083 L.
190 1055 247 1087 111,
257 1056 281 1082 1.
434 1046 729 1084 DOCLXVIIH.
778 1045 903 1082 carlus
914 1045 925 1073 i
966 1058 1049 1082 cum
1079 1046 1191 1082 fratre
1222 1047 1462 1082 Carlomanno
1474 1047 1498 1074 k
1572 1048 1747 1083 unoldum
1758 1047 1769 1074 ¹
1810 1048 1848 1082 in

294 1106 493 1150 Aquitania
531 1105 667 1140 rebella
676 1117 695 1139 r
704 1116 724 1140 e
767 1099 814 1139 ei}
856 1098 1046 1152 imperio
1090 1111 1171 1139 Suo
1209 1098 1419 1140 resistere
1461 1117 1481 1142 c
1489 1118 1511 1141 ο
1520 1118 1546 1141 ιι
1556 1109 1677 1141 antem
1717 1106 1742 1141 b
1753 1117 1773 1142 e
1782 1106 1816 1141 ll
1826 1117 1847 1141 0

295 1155 573 1197 superatum
598 1151 748 1196 capitm.

161 1206 282 1234 asma.
435 1197 648 1234 DCCLXX.
688 1197 852 1232 Berhtan
872 1197 999 1243 regina
1020 1197 1132 1232 filiam
1148 1197 1337 1241 Desiderfi,
1359 1199 1456 1244 regis
1477 1198 1847 1244 Langobardommo,

295 1245 401 1281 Oarlo
414 1252 435 1279 Ι)
465 1244 540 1280 filio
565 1256 630 1279 suo
655 1244 825 1290 coniugio
850 1244 1085 1279 sociandamq
1115 1244 1160 1279 de
1184 1244 1292 1279 Italia
1316 1245 1477 1281 adduxit.

73 1289 283 1356 Chthffizgf
436 1291 668 1328 DCCLXXI.
717 1290 1015 1326 Karlomannusk
1042 1302 1107 1326 rex
1132 1291 1285 1326 decessit
1308 1291 1361 1328 H.
1377 1291 1473 1328 Non.
1491 1291 1681 1328 Decembr.
1707 1292 1745 1326 in
1763 1292 1850 1326 villa

296 1339 542 1375 Salmuntiaco
553 1345 569 1365 1·
577 1364 586 1382 ,
622 1338 794 1383 sepelitur
826 1338 970 1382 Remis3
1007 1349 1100 1372 uxor
1136 1338 1211 1373 eius
1249 1341 1292 1373 et
1329 1338 1393 1373 filii
1428 1339 1467 1373 in
1500 1338 1644 1373 Italiam
1680 1341 1848 1385 pergunt.

150 1394 185 1423 A.
195 1394 283 1422 Laut.
296 1386 422 1421 Carlus
438 1385 450 1412 i
499 1385 618 1420 habit
628 1396 649 1420 a
689 1385 803 1430 synod
813 1396 834 1419 ο
850 1391 866 1411 ⁸
914 1385 961 1419 in
998 1384 1232 1420 Valentianas
1273 1385 1524 1421 Oorbanaeum
1541 1387 1553 1412 t
1602 1387 1721 1429 venit,
1768 1386 1848 1420 ubi

297 1444 458 1468 omnes
490 1432 702 1478 episcopos,
737 1432 938 1476 abbates,
973 1432 1122 1466 comites
1148 1435 1191 1467 et
1215 1432 1365 1477 duces,
1401 1433 1464 1477 qui
1488 1433 1636 1467 fuerunt
1659 1433 1844 1468 fratrisu

297 1480 380 1523 sui,
407 1478 453 1514 ad
477 1490 521 1514 se
544 1479 770 1514 venientes
795 1478 1009 1524 suscepit
1022 1485 1058 1523 V,
1084 1479 1302 1524 exceptis
1326 1479 1480 1524 paucis,
1507 1479 1705 1524 quicum
1730 1490 1848 1514 uxore

297 1526 564 1561 Oarlomanniw
588 1527 838 1570 perrexerunt.

161 1581 197 1609 A.
208 1581 283 1609 sith.
437 1571 691 1608 DCGLXXII.
717 1571 864 1606 carlusi
882 1571 1077 1606 Saxoniam
1090 1572 1186 1607 bello
1199 1572 1417 1617 adgressusx
1429 1572 1677 1619 Eresburgum
1691 1575 1850 1607 castrum

82 1616 284 1680 eng-{falfi
297 1620 434 1665 capitm
459 1622 496 1654 et
518 1619 656 1654 idolum
674 1618 871 1662 Saxonum,
897 1618 995 1663 quod
1013 1619 1212 1654 vocabatur
1227 1618 1411 1663 Irminsul,
1437 1619 1601 1656 destruit.
1648 1619 1741 1655 Ubi
1765 1631 1849 1654 cum

109 1659 126 1678 θ
238 1659 282 1679 ω’·
297 1667 475 1702 exercitus
498 1677 586 1711 prae
599 1673 622 1701 y
650 1666 811 1701 siccitate
828 1665 886 1700 siti
903 1665 1116 1700 deficeretz·
1129 1666 1153 1710 ⁵,
1178 1666 1297 1701 subito
1321 1666 1359 1700 in
1377 1666 1534 1710 quodam
1551 1669 1713 1701 torrente
1729 1665 1850 1701 media

73 1722 142 1750 chr.
150 1722 182 1751 L.
193 1722 249 1755 111,
256 1723 282 1751 4.
297 1714 356 1749 die
380 1713 550 1749 divinitus
575 1724 689 1758 aquae
714 1712 848 1748 effusae
873 1715 958 1747 sunt
980 1713 1212 1758 largissimae.
1337 1712 1497 1748 Saxones
1522 1713 1601 1748 i'ux
1611 1715 1658 1748 ta
1682 1713 1766 1748 Vis
1776 1724 1849 1747 ur-

295 1761 388 1807 gim
399 1760 413 1780 ⁶
442 1760 593 1795 fluvium
625 1759 671 1794 ad
695 1771 820 1805 regem
843 1759 1029 1794 venientes
1054 1759 1146 1794 datis
1171 1759 1355 1794 obsidibus
1378 1759 1458 1794 XII
1471 1760 1482 1779 ⁷
1516 1771 1535 1794 c
1544 1772 1569 1794 u
1578 1772 1615 1795 m
1649 1772 1669 1795 e
1680 1771 1701 1795 o
1734 1760 1848 1805 paci·

77 1837 89 1843 -
162 1816 198 1844 A.
207 1815 282 1843 sith.
296 1808 314 1842 f
319 1807 332 1842 i
342 1819 361 1843 c
372 1819 393 1843 a
402 1819 427 1842 n
436 1810 453 1842 t
461 1819 486 1842 u
495 1819 514 1841 r
531 1813 566 1843 a.
708 1806 892 1841 Adrianus
916 1805 1057 1841 Romae
1071 1805 1090 1832 b
1121 1806 1373 1851 pontificatum
1398 1807 1557 1852 suscipit.

82 1851 282 1914 (ἐξῗὶξξξξ
436 1852 710 1890 DGOLXXIII.
749 1853 899 1888 Carluse
923 1853 973 1888 ab
989 1852 1154 1888 Adriano
1170 1852 1342 1898 pontifice
1358 1853 1448 1898 pro⁸
1465 1853 1685 1888 defensione
1701 1865 1848 1888 rerum

296 1901 417 1936 sancti
441 1900 578 1936 Petri
602 1900 797 1934 invitatus
822 1911 922 1935 cum
948 1900 1172 1935 exercitu
1197 1900 1252 1935 ad
1275 1899 1420 1935 Italiam
1444 1901 1588 1936 vadit.
1639 1900 1723 1935 Cui
1747 1900 1848 1935 Desi-

296 1948 416 1983 derius
457 1947 630 1982 obsistere
669 1947 814 1982 nitens
855 1947 979 1981 clusis
1018 1947 1170 1992 Alpium
1211 1947 1392 1982 obseratis
1435 1947 1673 1991 occurrit3
1717 1946 1849 1982 Franci

297 1995 421 2030 clusis
454 1994 605 2039 potiti
637 1993 884 2029 Desiderium
919 1993 1187 2040 fugientem
1221 1996 1268 2029 et
1301 1993 1464 2039 Papiaed
1499 1995 1706 2030 inclusum
1740 1994 1848 2029 obsi-

297 2120 326 2149 a)
345 2118 460 2150 hiemps
479 2118 504 2145 2.
522 2118 548 2145 3.
619 2117 650 2150 b)
668 2117 809 2143 metensis
828 2117 853 2144 2.
926 2117 954 2150 c)
972 2117 1112 2142 frantiam
1132 2119 1156 2145 1.
1175 2118 1201 2145 3.
1273 2116 1304 2149 d)
1323 2118 1462 2144 trantulit
1480 2118 1506 2145 3.
1578 2118 1607 2151 e)
1625 2118 1722 2143 sancti
1740 2124 1804 2144 naz.
1822 2117 1847 2145 2.

298 2154 322 2184 f)
341 2153 519 2179 laureshaim
539 2154 564 2180 3.
627 2154 657 2184 g)
675 2152 866 2184 aequitaniae
884 2152 908 2179 2.
973 2153 1005 2183 h)
1023 2153 1131 2178 aetatis
1150 2159 1222 2178 suae
1242 2154 1266 2180 1.
1338 2154 1359 2183 i)
1378 2153 1498 2178 karolus
1519 2154 1542 2180 l.
1557 2154 1583 2180 2.
1654 2153 1686 2183 k)
1705 2153 1805 2180 carim.
1823 2154 1847 2179 3.

297 2189 320 2222 1)
337 2189 492 2214 hunoltum
507 2189 537 2220 13
559 2186 722 2213 hunaldum
741 2188 765 2214 3.
837 2189 877 2218 m)
896 2188 977 2219 cepit
994 2187 1020 2214 2.
1083 2189 1114 2218 n)
1134 2188 1241 2213 bertha
1259 2188 1285 2215 2.
1348 2188 1377 2221 o)
1397 2188 1474 2219 long.
1488 2190 1511 2214 1.
1525 2189 1550 2215 2.
1613 2188 1645 2221 p)
1663 2188 1767 2213 karolo
1787 2189 1811 2214 1.
1823 2188 1850 2215 2.

298 2225 328 2256 q)
347 2231 406 2251 soc.
425 2223 500 2250 coni.
520 2224 544 2250 1.
625 2224 651 2254 r)
669 2222 862 2248 salmontiaco
882 2222 906 2250 2.
987 2223 1013 2253 s)
1033 2221 1139 2248 sinodo
1158 2223 1183 2250 2.
1203 2223 1228 2250 3.
1310 2222 1332 2255 t)
1351 2223 1532 2248 cobanacum
1551 2223 1576 2250 3.
1648 2225 1679 2253 ιι)
1697 2223 1804 2248 fratres
1823 2223 1848 2250 3.

297 2259 328 2292 v)
346 2259 471 2290 suscipit
490 2259 514 2285 2.
596 2259 635 2288 w)
654 2258 784 2285 Karlom.
804 2258 836 2290 23
866 2257 965 2284 cai-lm.
985 2258 1010 2284 3.
1099 2257 1131 2290 x)
1149 2265 1229 2290 aggr.
1251 2259 1274 2284 1.
1365 2260 1395 2291 y)
1415 2265 1468 2290 pre
1487 2259 1512 2285 3.
1596 2260 1623 2289 z)
1642 2257 1806 2284 deficerent
1823 2258 1848 2285 3.

297 2295 326 2325 a)
345 2293 519 2326 pacificatur
537 2294 563 2320 3.
634 2293 664 2324 b)
683 2299 764 2318 rome
783 2294 808 2320 3.
880 2294 908 2323 c)
927 2292 1046 2318 karolus
1067 2294 1091 2320 1.
1110 2293 1136 2320 2.
1208 2291 1238 2324 d)
1258 2293 1346 2325 papie
1364 2294 1390 2320 3.

299 2405 332 2448 1)
355 2403 467 2438 Facta
492 2405 546 2438 est
568 2402 683 2438 hiems
706 2402 826 2437 valida
850 2413 945 2436 anno
969 2401 1227 2439 DCOLXHH.
1254 2403 1339 2439 Chr.
1355 2403 1491 2444 Laur.,·
1514 2403 1630 2438 hiems
1647 2423 1691 2429 —-
1708 2403 1849 2448 prolixa

297 2454 391 2487 Ann.
416 2451 508 2485 sith.
603 2451 640 2495 2)
663 2449 825 2494 Corpora
848 2461 875 2485 s.
898 2448 954 2494 Gn,
980 2448 1026 2485 N.
1053 2451 1089 2484 et
1114 2449 1159 2486 N.
1185 2449 1230 2484 de
1254 2449 1374 2484 Roma
1398 2450 1435 2484 in
1460 2449 1652 2485 Franciam
1677 2450 1849 2485 translata

297 2499 381 2532 sunt
396 2499 492 2534 Ama.
510 2498 602 2533 sith.
684 2497 720 2540 3)
742 2497 803 2531 Ex
827 2496 885 2530 his
908 2497 1021 2530 verbis
1045 2498 1196 2539 fortasse
1219 2497 1382 2540 colliyere
1407 2498 1521 2531 liceret
1545 2498 1636 2531 hanc
1659 2498 1848 2531 annalium

296 2549 496 2579 nostrorum
516 2549 657 2589 partem
680 2545 721 2578 in
738 2544 864 2578 Gallia
881 2545 1114 2588 conscriptam
1130 2555 1211 2587 esse,
1237 2546 1312 2578 nisi
1335 2545 1417 2578 haoe
1441 2555 1571 2588 quoque
1587 2555 1630 2578 ecc
1646 2545 1849 2578 Annalibus

296 2593 374 2626 illis
405 2593 549 2626 amissis
581 2595 723 2635 sumpta
754 2600 824 2625 esse
857 2591 1081 2631 vider-eninm
1114 2592 1238 2625 etenim
1271 2592 1311 2624 in
1334 2591 1445 2624 Pauli
1470 2592 1585 2625 Gestis
1610 2593 1847 2636 episcoporum

297 2639 518 2672 Mettensium
542 2638 624 2682 (SS.
641 2638 694 2681 II,
716 2649 754 2682 p.
772 2638 871 2680 268),
898 2648 915 2671 e
938 2638 1065 2682 quibus
1088 2638 1148 2671 illi
1171 2638 1378 2682 hauserunt,
1406 2639 1557 2681 legitur:
1582 2637 1678 2672 ultra
1695 2637 1846 2672 fluvium

296 2685 467 2720 Rhenum
491 2685 529 2718 in
553 2683 784 2727 monasterio,
808 2682 906 2728 quod
930 2686 1081 2718 vocatur
1104 2683 1328 2719 Loreshaim.
1447 2685 1485 2729 4)
1507 2684 1703 2719 Waifarius
1727 2683 1801 2718 dux
1826 2695 1848 2718 a

297 2731 445 2766 Francis
477 2731 688 2766 interfectus
722 2733 795 2773 est3
831 2729 938 2775 Pipp.
970 2741 1036 2766 rex
1071 2731 1167 2775 apud
1191 2730 1361 2775 Pan‘syus
1385 2730 1548 2775 decessit,
1582 2730 1646 2765 filii
1671 2750 1714 2756 -
1737 2730 1846 2765 susci·

296 2778 401 2823 piunt
425 2780 520 2814 Ann.
546 2779 658 2819 Sith.,·
692 2782 804 2812 cetera
827 2789 871 2812 ex
896 2778 980 2814 Chr.
1006 2778 1120 2814 Laur.
1217 2779 1253 2822 5)
1275 2778 1489 2822 fatigaretur
1514 2778 1598 2813 Chr.
1623 2778 1761 2818 Laur.,·
1785 2777 1845 2812 de-

297 2824 423 2860 ficeret
454 2826 549 2861 Ann.
574 2826 688 2861 Laur.
809 2825 844 2868 6)
874 2835 982 2869 super
1006 2823 1188 2860 Wisoram
1213 2827 1308 2861 Ann.
1333 2826 1468 2866 Laur.,·
1499 2835 1607 2869 super
1631 2823 1847 2859 Wisarhaha

299 2872 384 2908 Chr.
408 2873 521 2908 Laur.
630 2873 664 2915 7)
686 2870 765 2906 XII
788 2882 832 2906 eoe
855 2873 951 2908 Ann.
976 2873 1090 2906 Laur.
1198 2873 1235 2916 8)
1256 2874 1407 2916 propter
1430 2870 1676 2906 defensionem
1701 2873 1846 2906 sanctae

297 2918 365 2954 Dei
389 2918 575 2953 Romanae
600 2919 771 2953 ecclesiae
795 2920 891 2961 Amo.
915 2919 1030 2954 Laur.
1057 2920 1145 2960 774,·
1168 2924 1280 2953 cetera
1303 2930 1346 2953 esc
1371 2919 1456 2954 Chr.
1481 2919 1594 2954 Laur.
