2020 3358
497 319 696 356 CONTJN.
721 319 988 357 RATISBON.
1036 321 1084 358 A.
1109 323 1309 359 889—891.
1612 324 1679 360 119

125 443 210 484 bus
241 442 431 498 paganis
459 443 666 496 ereptum
697 441 756 482 ad
786 454 920 482 suum
940 454 1053 495 opus
1073 442 1391 496 restringendo
1413 443 1680 497 dignaretur

123 504 295 543 tenere.
343 500 433 542 Sed
451 512 532 542 rex
552 499 835 541 multimodis
867 499 1015 540 causis
1045 499 1094 540 in
1121 513 1203 541 suo
1223 512 1365 553 regno
1387 502 1679 543 excrescenti·

124 558 209 601 bus
248 559 540 614 praepeditus
581 558 786 613 quamvis
826 571 919 599 non
958 557 1107 600 libens
1146 557 1382 613 postulata
1420 559 1677 613 denegavit.

123 618 235 660 Post
272 617 442 672 pascha
480 630 636 659 mense
667 616 823 658 Madio
858 615 983 666 villa,
1025 629 1142 670 quae
1183 616 1353 658 dicitur
1389 616 1676 667 Forahheim,
1693 632 1761 659 »m

124 690 227 718 cum
268 676 360 717 suis
402 675 695 730 conloquium
734 674 911 716 habuit.
973 674 1048 716 Ibi
1087 675 1147 716 ad
1186 687 1291 717 eum
1321 674 1418 717 filia
1447 675 1680 717 Hludwici

122 734 279 776 Italici
308 735 427 789 regis
440 734 455 759 ¹
484 734 624 776 vidua
655 733 824 775 Bosoni
853 734 1038 788 tyranni
1070 734 1249 788 magnis
1266 747 1385 775 cum
1415 734 1679 776 muneribus

121 793 309 835 veniens
355 793 604 835 honorifice
650 794 863 847 suscepta
909 805 961 834 ac
1008 793 1067 833 ad
1113 792 1296 847 propria
1336 793 1525 834 remissa
1567 795 1637 835 est
1650 793 1678 832 ².

121 852 219 894 Rex
248 851 314 893 ibi
343 851 481 894 rebus
513 851 756 906 dispositis,
798 853 935 906 prout
975 850 1162 906 placuit,
1205 864 1342 892 causa
1381 851 1599 893 orationis
1630 851 1678 892 in

121 910 398 951 Alamannia
428 910 638 963 Augeam
670 909 1078 963 Constantiamque
1118 910 1346 964 pervenit;
1388 910 1495 952 inde
1534 923 1679 964 regre-

121 968 249 1010 diens
279 968 393 1010 urbe
423 968 728 1010 Radasbona²
762 967 919 1010 natale
952 967 1124 1010 Christi
1155 967 1418 1010 celebravit.
1598 988 1604 994 ·
1693 983 1817 1011 neam.

263 1026 479 1069 Salomon
511 1026 810 1069 Constantiae
851 1027 1101 1082 episcopus,
1142 1027 1213 1068 vir
1251 1027 1375 1068 vitae
1414 1026 1676 1082 probabilis,
1692 1042 1902 1075 (maneam).

120 1085 237 1127 obiit
250 1085 286 1136 ³;
321 1086 395 1127 cui
417 1086 660 1140 equivocus
683 1086 792 1136 eius,
823 1085 1039 1127 Salomon
1059 1085 1222 1135 iunior,
1254 1085 1424 1127 tercius
1456 1086 1679 1140 siquidem

119 1146 231 1185 tunc
273 1144 476 1186 eiusdem
515 1145 713 1186 nominis
752 1144 976 1186 vocabulo
1022 1144 1071 1185 in
1112 1144 1267 1186 sedem
1307 1144 1544 1199 episcopus
1584 1157 1678 1186 suc-

121 1203 270 1245 cessit.

851 1280 950 1327 891.

262 1354 548 1398 DCCCXCI.
608 1355 707 1397 Rex
737 1355 915 1409 legatos
946 1368 1050 1397 suos
1082 1368 1163 1410 pro
1183 1355 1446 1397 renovanda
1477 1367 1588 1410 pace
1619 1355 1678 1397 ad

100 1413 329 1455 -Maravos
359 1414 627 1455 transmisit.
689 1413 934 1455 Embricho
965 1413 1143 1468 Regino
1174 1413 1287 1455 urbe
1318 1413 1567 1468 episcopus,

262 1472 344 1513 Vir
374 1473 570 1527 paciens,
603 1472 805 1522 humilis,
839 1471 1014 1514 sobrius
1046 1472 1254 1526 fidusque
1285 1471 1515 1522 manebat,

119 1531 268 1585 gravis
310 1533 433 1573 etate
472 1530 673 1573 feliciter
719 1531 840 1572 diem
882 1530 1099 1572 ultimum
1145 1530 1311 1572 clausit
1323 1530 1353 1571 4.
1424 1530 1534 1585 Ipsa
1572 1543 1677 1573 vero
1691 1545 1821 1576 (1u1.14).

120 1589 280 1631 civitas
302 1589 458 1631 divina
477 1589 655 1631 ultione
676 1589 845 1630 mirum
875 1590 924 1630 in
954 1589 1143 1631 modum
1173 1589 1326 1631 subito
1357 1589 1543 1631 incensa
1575 1603 1678 1631 cum

119 1648 330 1690 omnibus
367 1648 763 1698 machinamentis,
797 1648 936 1690 etiam
969 1647 1171 1690 ecclesiis
1193 1647 1314 1689 IIII.
1337 1648 1407 1689 Id.
1431 1648 1548 1702 Aug.
1577 1662 1676 1690 con·
1692 1662 1766 1695 Aug.
1777 1663 1818 1691 10.

119 1709 320 1749 cremata
351 1708 433 1757 est,
467 1707 668 1762 exceptis
701 1707 861 1748 domus
883 1707 1030 1749 sancti
1051 1706 1374 1749 Emmerammi
1399 1707 1599 1749 martiris
1631 1709 1678 1749 et

119 1765 311 1807 ecclesia
342 1766 490 1807 sancti
523 1765 729 1807 Cassiani
768 1766 920 1808 media
959 1765 1073 1808 urbe
1105 1765 1359 1808 constituta
1388 1765 1444 1808 ab
1476 1766 1582 1820 igne
1615 1766 1677 1807 di-

116 1824 290 1866 vinitus
323 1824 510 1866 defense
543 1827 664 1866 sunt.

259 1883 546 1924 Nordmanni
584 1883 728 1937 igitur
768 1883 880 1925 fines
917 1883 1274 1925 occidentalium
1303 1882 1583 1924 Francorum
1614 1883 1677 1924 in-

117 1942 350 1991 vadentes,
384 1942 506 1996 quod
538 1942 596 1983 ad
627 1936 996 1984 defendendumb
1034 1941 1258 1984 exercitus
1290 1955 1318 1983 a
1348 1941 1543 1984 Francia
1574 1942 1675 1983 diri-

118 2000 264 2054 gitur;
312 2000 378 2042 ibi
419 2000 733 2042 Sundaroldus
774 2000 1166 2055 Magonciacensis
1206 2000 1572 2056 archiepiscopus
1612 2001 1675 2041 in-

118 2061 251 2101 caute
272 2058 365 2100 illis
387 2058 658 2117 occurrens⁵
688 2059 960 2101 interfectus
988 2061 1070 2110 est,
1102 2060 1151 2100 in
1174 2059 1302 2100 cuius
1333 2058 1486 2101 locum
1506 2059 1766 2103 Haddouum
1776 2072 1829 2103 2⁶).

118 2117 258 2159 abbas
305 2118 533 2172 Augensis
581 2117 777 2168 cenobii,
831 2118 967 2160 homo
1015 2117 1196 2160 subtilis
1242 2118 1435 2172 ingenii,
1484 2118 1675 2160 antistes

118 2176 428 2218 constituitur.
490 2176 711 2218 Arnolfus
753 2189 860 2231 ergo
899 2189 979 2218 rex
1018 2177 1076 2219 ob
1116 2177 1204 2218 1100
1243 2175 1559 2218 ulciscendum
1595 2177 1669 2218 in⁰

116 2234 438 2277 Nordmannos
479 2249 583 2277 cum
613 2230 801 2277 Francis
832 2235 1136 2277 Alamannico
1177 2235 1380 2277 exercitu
1417 2234 1583 2277 inutile
1614 2248 1675 2277 se-

118 2307 222 2335 cum
244 2296 477 2349 assumpto
508 2294 597 2336 iter
619 2294 825 2349 arripuit.
879 2293 970 2336 Sed
990 2294 1238 2336 Alamanni
1263 2294 1392 2348 quasi
1414 2296 1675 2348 egrotantes

117 2365 145 2393 a
173 2365 280 2407 rege
313 2353 500 2394 domum
529 2353 698 2408 relapsi
729 2354 858 2403 sunt;
901 2353 998 2408 ipse
1030 2366 1133 2394 cum
1165 2353 1352 2394 ancis
1384 2353 1443 2394 ad
1473 2352 1802 2399 occiden·‹s0p2.).

115 2413 212 2453 tem
233 2425 446 2466 prospere
468 2412 700 2466 profectus
723 2414 805 2454 est.
851 2411 897 2452 N
899 2411 1140 2454 ordmanni
1157 2411 1394 2454 devastata
1410 2424 1465 2453 ex
1480 2411 1677 2453 maxima

117 2472 247 2524 parte
279 2469 543 2512 Hlotharici
573 2471 704 2525 regni
734 2471 920 2525 regione
952 2483 1091 2525 prope
1122 2469 1261 2511 fluvio
1294 2469 1415 2525 Dyla
1444 2470 1557 2520 loco,
1597 2470 1676 2523 qui

117 2528 287 2570 dicitur
317 2528 605 2570 Lovonnium
618 2529 645 2580 ⁶,
688 2529 871 2584 sepibus
908 2542 1032 2572 more
1065 2542 1221 2571 eorum
1252 2528 1511 2570 municione
1543 2530 1676 2583 cepta

117 2656 146 2685 a)
166 2652 335 2687 radaspona
354 2661 430 2682 corr.
450 2652 618 2680 radasbona
637 2655 663 2682 3.
735 2654 765 2686 b)
785 2653 946 2681 defendam
965 2655 990 2682 3.
1064 2656 1091 2687 c)
1110 2654 1153 2681 ita
1172 2654 1198 2683 3.

118 2758 153 2802 1)
175 2759 436 2802 Erminqarda.
557 2760 594 2803 2)
624 2759 699 2793 Hoc
727 2770 823 2794 anno
843 2761 979 2804 priore,
1015 2770 1083 2803 quo
1113 2761 1195 2793 item
1227 2770 1339 2794 mense
1363 2759 1463 2793 Maio
1493 2762 1677 2794 convontus

117 2805 260 2840 habitus
283 2811 344 2850 eet,
371 2808 506 2848 factum
530 2817 599 2841 esse
616 2807 803 2840 Dammler
819 2807 892 2850 III,
913 2818 950 2851 p.
969 2808 1038 2842 332
1056 2806 1301 2840 Mur-utorium
1325 2810 1462 2840 secutus
1484 2807 1675 2841 existimat.

117 2855 153 2896 3)
176 2854 221 2889 A.
246 2855 328 2890 889.
354 2854 434 2889 Dec.
460 2855 527 2894 23,·
561 2854 748 2887 Dammzer
772 2854 846 2896 III,
876 2866 915 2898 p.
941 2854 1022 2889 344.
1141 2855 1178 2897 4)
1202 2853 1272 2889 Iul.
1292 2854 1356 2894 14,·
1389 2853 1577 2887 Dammler
1600 2853 1672 2895 III,

113 2911 150 2943 p.
168 2901 250 2936 482.
324 2900 360 2941 5)
375 2901 435 2934 Ad
451 2905 639 2935 torrentem
659 2901 806 2935 Guliam
823 2901 967 2944 (Geule)
985 2901 1066 2937 Iun.
1084 2901 1130 2936 25
1139 2912 1152 2940 ‚·
1176 2901 1221 2942 cf.
1239 2901 1363 2943 Reqin.
1381 2901 1463 2943 891,
1490 2900 1676 2934 Dammler

117 2946 190 2990 III,
212 2958 251 2991 p.
277 2948 358 2984 348.
456 2949 492 2992 6)
514 2947 669 2984 Loewen.
