2020 3358
271 303 339 338 120
728 298 1006 336 ANNALIUM
1028 297 1361 336 FULDENSIUM

147 436 256 470 (Nom).
269 421 415 463 securi
455 420 772 463 consederunt.
843 419 912 461 Ex
956 420 1184 474 inproviso
1229 419 1351 461 enim
1389 433 1469 462 rex
1508 423 1555 462 et
1596 421 1820 462 exercitus

268 491 513 535 pervenere
565 479 624 521 ad
669 478 866 521 eundem
916 477 1081 519 locum.
1157 477 1368 519 Transito
1418 479 1561 533 igitur
1614 478 1822 522 celeriter

269 539 430 580 eodem
468 537 606 579 fluvio
645 550 730 579 nec
769 549 897 578 mora
926 536 1200 578 meditatum
1231 538 1301 577 est
1331 537 1556 590 proelium
1587 537 1820 592 applicari.

270 596 519 639 Cunctanti
549 608 745 649 namque
775 595 884 648 regi,
916 607 975 636 ne
995 596 1093 635 tam
1113 593 1267 636 valida
1287 607 1448 636 manus
1468 595 1820 663 periclitaretur,

268 655 375 709 quia
413 655 714 696 interiacente
754 652 921 707 palude
959 665 1014 694 ex
1050 653 1181 706 parte
1212 665 1317 701 mia,
1359 665 1414 694 ex
1453 653 1600 696 altera
1639 654 1822 695 circum·

268 713 440 755 fluente
469 713 570 767 ripa
598 725 692 753 non
724 712 922 753 donatur
951 709 1151 752 facultas
1178 686 1408 765 equitibus
1429 712 1630 766 aggredi,
1664 712 1820 762 oculis,

270 771 560 825 cogitatione,
603 769 793 812 consilio
832 769 923 810 huc
963 768 1075 810 illuc
1114 769 1460 824 pervagabatur,
1502 770 1614 824 quid
1645 770 1823 812 consilii

269 843 381 885 opus
413 830 484 880 sit,
519 829 626 883 quia
652 828 838 870 Francis
870 828 1199 882 pedetemptim
1231 830 1404 870 certare
1435 828 1708 870 inusitatum
1738 831 1821 879 est,

269 888 400 930 anxie
421 888 662 938 meditans,
693 887 882 928 tandem
903 887 1036 928 heros
1057 887 1274 941 primores
1296 886 1575 928 Francorum
1597 863 1822 930 advocans

268 947 347 988 sic·
365 946 614 1001 alloquitur
651 945 902 1000 patienter:
946 944 1069 994 ‘Viri,
1102 943 1253 986 Deum
1282 945 1536 987 recolentes
1569 948 1616 987 et
1646 959 1824 1000 semper

269 1005 352 1047 sub
375 1005 464 1046 Dei
494 1005 643 1058 gratia
672 1003 869 1071 patriam
894 1003 1068 1044 tuendo
1088 1003 1242 1045 fuistis
1263 1003 1570 1054 invincibiles;
1603 1004 1823 1059 inspirate

269 1064 450 1112 animis,
499 1063 537 1104 si
577 1062 635 1103 ab
675 1062 871 1103 inimicis
911 1062 1280 1116 quandoquidem
1321 1075 1446 1104 111010
1485 1063 1818 1117 paganissimo⁸

267 1097 528 1163 furentibus
568 1121 696 1175 pium
726 1120 997 1174 sanguinem
1035 1122 1278 1174 parentum
1311 1116 1589 1162 *vestrorum
1628 1117 1881 1163 effusum&
1916 1140 1919 1154 =

268 1179 490 1221 vindicari
519 1179 721 1221 recolitis
753 1180 800 1220 et
830 1191 959 1220 sacra
995 1178 1079 1219 sub
1110 1178 1283 1219 honore
1315 1181 1577 1220 sanctorum
1608 1179 1824 1221 creatoris

268 1238 409 1280 vestri
438 1237 613 1292 templa
643 1250 799 1279 eversa
828 1237 921 1278 iam
951 1237 1000 1277 in
1020 1237 1171 1291 patria
1189 1239 1342 1278 vestra
1363 1237 1559 1287 cernitis,
1592 1237 1824 1280 ministros

270 1297 413 1339 eciam
453 1296 542 1338 Dei
587 1310 763 1338 summo
809 1296 956 1350 gradu
1002 1296 1302 1337 consistentes
1347 1298 1599 1350 prostratos
1644 1296 1822 1339 videtis.

268 1355 422 1405 Nunc,
471 1354 659 1405 milites,
708 1355 849 1409 agite,
897 1354 1018 1409 ipsos
1061 1353 1243 1395 sceleris
1282 1354 1480 1396 factores
1521 1356 1630 1396 ante
1669 1354 1824 1397 oculos

269 1414 510 1464 habentes,
563 1426 635 1455 me
682 1414 878 1468 primum
924 1426 1040 1467 equo
1086 1413 1455 1463 descendentem,
1510 1413 1641 1467 signa
1685 1427 1825 1455 manu

269 1472 604 1527 praeferentem
636 1471 897 1526 sequimini;
936 1485 1031 1513 non
1060 1473 1277 1521 nostram,
1310 1472 1390 1513 sed
1422 1471 1531 1521 eius,
1563 1472 1642 1525 qui
1673 1472 1826 1514 omnia

269 1533 440 1586 potest,
489 1530 815 1572 contumeliam
853 1530 1140 1572 vindicantes
1182 1530 1390 1571 inimicos
1429 1532 1608 1571 nostros
1647 1530 1698 1571 in
1737 1530 1826 1572 Dei

268 1589 452 1631 nomine
484 1588 815 1643 aggredimur!'
878 1588 966 1630 His
987 1588 1170 1630 incitati
1192 1588 1340 1638 dictis,
1373 1588 1596 1639 omnibus,
1629 1589 1750 1631 senis
1778 1591 1826 1631 et

268 1647 522 1698 iuvenibus,
563 1661 646 1702 par
675 1647 890 1689 voluntas
922 1649 969 1689 et
1000 1647 1188 1688 audatia
1224 1647 1434 1701 pedestre
1465 1647 1641 1689 bellum
1671 1661 1824 1702 aggre-

269 1707 375 1748 dere
408 1707 564 1756 datur;
603 1706 729 1761 prius
759 1719 914 1760 regem
944 1705 1218 1759 flagitantes,
1257 1707 1311 1746 ut
1342 1705 1590 1759 equitando
1622 1718 1698 1747 eos
1729 1720 1825 1761 pro-

269 1767 461 1815 curaret,
502 1778 560 1806 ne
601 1764 712 1818 quid
753 1765 816 1806 eis
854 1763 1167 1818 pugnantibus
1199 1777 1226 1805 a
1255 1766 1386 1818 tergo
1417 1763 1594 1805 insidiis
1625 1764 1825 1806 inimico-

267 1838 370 1864 rum
399 1824 656 1865 timendum
687 1823 759 1864 sit.
824 1822 1006 1864 Clamor
1037 1836 1065 1863 a
1096 1822 1357 1864 christianis
1395 1822 1445 1863 in
1477 1822 1626 1864 celum
1657 1822 1824 1864 attolli-

267 1885 356 1932 tur,
389 1895 474 1924 nec
495 1882 645 1923 minus
667 1881 835 1936 pagani
854 1894 980 1923 more
1002 1895 1083 1922 suo
1106 1876 1401 1930 clamantesb,
1435 1881 1567 1935 signa
1587 1881 1826 1923 horribilia

267 1954 348 1995 per
395 1943 544 1982 castra
588 1940 891 1982 movebantur
904 1943 942 1980 ⁰.
1012 1939 1279 1993 Evaginatis
1325 1939 1490 1993 gladiis
1537 1952 1591 1981 ex
1630 1942 1824 1994 utraque

268 2002 410 2054 parte,
443 2001 498 2040 ut
527 1999 645 2054 lapis
675 1998 810 2048 ferro,
849 1998 899 2039 in
929 1998 1126 2040 invicem
1157 1999 1216 2039 ad
1245 1998 1442 2039 invicem
1473 2011 1710 2039 occursum
1741 2001 1823 2040 est.

267 2057 381 2099 Erat
413 2059 568 2099 autem
598 2057 663 2099 ibi
689 2070 799 2111 gens
820 2057 1071 2098 fortissima
1091 2057 1213 2098 inter
1232 2056 1553 2098 Nordmannos
1574 2056 1823 2107 Danorum‚

269 2129 384 2169 quae
423 2129 671 2169 numquam
713 2118 851 2157 antea
889 2116 939 2156 in
979 2115 1134 2169 aliqua
1173 2115 1428 2156 munitione
1465 2115 1539 2156 vel
1579 2117 1715 2170 capta
1751 2115 1825 2156 vel

269 2176 483 2229 superata
529 2174 727 2215 auditur.
798 2174 924 2215 Dure
966 2176 1192 2231 certatum
1233 2176 1323 2223 est;
1371 2174 1451 2215 sed
1496 2187 1589 2215 11011
1628 2174 1677 2214 111
1717 2173 1826 2215 diul

268 2233 567 2274 subveniente
613 2232 762 2286 gratia
802 2232 889 2273 Dei
931 2232 1123 2273 victoria
1168 2232 1226 2274 ad
1268 2232 1540 2273 christianos
1587 2232 1823 2273 concessit.

267 2291 555 2332 Nordmanni
585 2290 695 2345 fuge
727 2291 1004 2345 praesidium
1035 2292 1289 2344 querentes,
1321 2290 1505 2340 flumen,
1539 2290 1661 2344 quod
1688 2292 1825 2342 antea

269 2350 332 2391 eis
356 2363 382 2390 a
401 2352 532 2403 tergo
554 2363 635 2404 pro
657 2363 786 2390 muro
808 2348 1077 2398 habebatur,
1107 2362 1187 2403 pro
1208 2350 1354 2390 morte
1376 2348 1658 2390 occurrebat.
1704 2347 1825 2390 Nam

268 2407 548 2449 instantibus
579 2421 635 2450 ex
665 2407 811 2449 altera
849 2409 979 2462 parte
1018 2407 1128 2449 cede
1168 2407 1427 2448 christianis
1461 2407 1606 2448 coacti
1637 2409 1746 2448 sunt
1775 2407 1826 2448 in

269 2466 439 2508 flumen
484 2467 793 2521 praecipitari,
842 2466 1143 2507 coacervatim
1189 2478 1236 2507 se
1282 2478 1363 2520 per
1404 2479 1566 2506 manus
1613 2467 1660 2506 et
1707 2464 1826 2507 colla

271 2525 566 2578 cruribusque
608 2524 962 2579 complectentes
1001 2524 1051 2565 in
1088 2524 1369 2578 profundum
1409 2537 1489 2578 per
1527 2526 1722 2565 centena
1750 2523 1825 2565 vel

269 2583 397 2625 milia
427 2596 616 2625 numero
637 2583 974 2637 mergebantur,
1007 2583 1075 2624 ita
1106 2585 1159 2624 ut
1191 2582 1486 2624 cadaveribus
1517 2582 1826 2637 interceptum

271 2641 480 2683 alveum2
517 2642 662 2683 amnis
700 2642 871 2683 siccum
903 2643 1154 2696 appareret.
1217 2641 1275 2681 In
1306 2654 1358 2682 eo
1390 2640 1562 2695 proelio
1595 2641 1685 2682 cesi
1717 2642 1825 2682 sunt

271 2701 361 2741 duo
400 2713 529 2754 reges
571 2713 738 2750 eorum,
783 2699 1028 2754 Sigifridus
1069 2699 1244 2741 scilicet
1282 2702 1329 2741 et
1368 2698 1657 2748 Gotafridus;
1699 2698 1825 2752 regia

270 2826 299 2855 a)
318 2825 489 2857 paganismo
509 2826 534 2853 3.
607 2826 637 2856 b)
655 2833 709 2851 suo
728 2825 944 2852 succlamantes
964 2826 990 2854 3.
1063 2827 1090 2856 c)
1109 2825 1309 2851 movebuntur
1326 2824 1352 2852 3.

272 2919 306 2962 1)
329 2919 360 2954 Ι.
384 2928 411 2954 e.
437 2928 530 2954 moar.
568 2919 608 2955 P.
704 2919 740 2962 2)
763 2920 992 2954 Accusativus
1011 2929 1082 2963 pro
1105 2919 1338 2958 nmaezimtivoe
1362 2918 1410 2959 cf.
1433 2927 1467 2953 a.
1492 2917 1574 2952 884.
