2020 3358
309 308 354 342 12
665 305 784 343 ANN.
808 305 954 345 FULD.
979 305 1111 342 PARS
1135 306 1167 343 Ι.
1189 305 1506 351 (SELIGENST.)

135 421 255 450 ΑΒΜ·
265 424 296 448 ⁸²
446 421 1118 458 DGGXGI.PalatiumWo1-macense
1131 422 1298 457 incendio
1312 425 1594 467 consumptuma
1612 425 1688 457 est.
1773 422 1857 458 Car-

161 456 295 486 A·¹⁴⁸¹¹¹'·
306 467 394 504 lusb
422 470 596 514 propter¹
619 469 770 504 multa
799 469 902 503 mala
935 471 982 503 et
1013 469 1387 513 praedationese
1427 480 1478 504 ac
1512 468 1728 512 caedesd‚
1761 481 1858 514 quas

307 515 433 551 Huni
466 518 792 551 exercuerunt
827 515 874 550 in
910 515 1053 560 populo
1086 515 1190 559 Dei,
1229 519 1522 560 provocatus
1558 518 1857 562 congregato

85 567 132 600 (A
142 562 557 600 mmuh->exercitae
586 563 632 597 in
647 561 904 597 Baioariaf
924 562 1059 596 iuxta
1075 562 1226 596 Anisam
1242 561 1393 596 fluvium
1418 574 1513 597 cum
1532 563 1657 597 omni
1680 563 1858 608 populo

307 620 391 644 suo
423 609 625 644 ieiuniis
659 612 705 644 et
735 608 1164 643 obsecrationibus
1195 608 1316 643 triduo
1341 609 1557 644 celebratis
1582 610 1780 644 exercitum
1805 609 1857 644 di·

307 655 454 692 vidite.
491 655 536 701 Ip
537 667 575 691 se
600 667 700 690 cum
718 655 936 698 Francis,
961 655 1242 689 Alamannis
1267 657 1314 690 et
1337 654 1582 690 Baioariis
1606 667 1651 691 ex
1673 655 1853 691 australih

307 706 410 748 parte
426 668 605 738 Danubiii
638 713 722 747 per
744 700 1047 745 Gummiberg*,
1073 700 1306 736 saxonibus
1331 704 1376 737 et
1392 702 1598 748 Thuringis
1624 714 1706 738 cum
1731 706 1858 748 parte

307 749 554 784 ancorum
578 760 655 794 per
673 749 781 783 litus
802 748 1195 802 septentrionale
1218 749 1557 794 pergentibus,
1582 748 1855 784 Fresonibusk

307 795 443 831 verol
487 798 551 839 et,
585 796 663 840 qui
697 806 799 830 cum
833 794 950 839 ipsis
985 794 1208 839 deputati
1249 797 1378 839 sunt,
1418 775 1565 830 navali
1603 796 1857 831 evectione

174 847 295 875 A.Sith.
307 854 373 888 per
397 843 582 877 alveum
607 842 833 877 euntibus
858 840 1103 876 Pannoniam
1127 842 1350 886 ingressuum
1366 841 1503 876 Hunis
1527 842 1789 887 perterritis
1813 845 1858 877 et

307 889 597 934 fugientibus
612 896 632 915 ¹¹
663 899 822 924 omnes
847 899 981 923 eorum
1005 889 1171 933 regiones
1196 900 1309 932 usque
1334 888 1381 923 ad
1396 888 1502 924 Raba
1525 889 1675 923 fluvium
1699 889 1796 924 ferro
1821 891 1858 924 et

371 937 408 970 i⁰
440 936 669 972 devastat.

161 1011 187 1036 A
213 975 252 1004 ¹¹³·
263 979 296 1002 ‘³‘
448 981 660 1018 DGOXOH.
709 981 880 1016 Haeresis
895 988 915 1014 1)
945 980 1154 1016 Felicianaq
1187 981 1291 1026 ipso²
1321 985 1519 1017 auctore
1550 993 1631 1017 eam
1655 982 1858 1028 abnegante

189 1011 294 1039 ,Lanu
308 1029 422 1074 apud
446 1028 734 1075 Reganesburgr
762 1028 935 1073 primum
960 1027 1158 1062 damnatas
1179 1031 1250 1071 est3
1275 1029 1344 1072 qui
1369 1029 1510 1063 etiam
1534 1041 1613 1074 per
1636 1029 1858 1074 Engilberh-

307 1077 422 1110 tumt
448 1076 678 1111 abbatem'
668 1087 711 1110 ιιι
727 1075 995 1120 praesentiamu
1012 1074 1166 1109 Adriani
1183 1075 1370 1120 apostolici
1387 1075 1588 1111 adductus
1605 1076 1748 1111 denuo
1765 1087 1858 1111 eam

173 1126 294 1155 A.Sith.
309 1122 530 1158 confessione
555 1122 652 1157 facta
675 1121 930 1158 damnavits.
1032 1120 1241 1156 Coniuratio
1258 1121 1404 1167 Pippini
1430 1125 1556 1157 contra
1579 1126 1721 1168 patrem
1740 1122 1858 1158 *facta
1870 1130 1917 1164 *μ

161 1185 196 1212 A.
206 1185 295 1213 Laur-
307 1181 344 1215 in
377 1180 545 1215 Baioaria
579 1173 670 1214 cito
707 1179 874 1215 detecta³
906 1182 944 1214 et
975 1187 1201 1224 conpressav
1239 1183 1305 1223 est,
1348 1173 1612 1214 auctoribus
1639 1173 1858 1215 factionis

174 1243 210 1271 A.
219 1242 295 1271 suh.
308 1231 476 1292 partim
504 1233 650 1273 morte
682 1231 849 1285 partim
880 1230 1015 1272 exilio
1042 1232 1090 1272 et
1111 1230 1365 1272 eaecitatew
1387 1232 1662 1273 damnatis⁸.
1760 1238 1859 1275 Pons

307 1285 442 1320 navalis
466 1285 504 1320 in
527 1285 694 1320 Danubio
710 1293 731 1312 Χ
759 1285 875 1320 factus
901 1288 1023 1321 estY.

256 1337 295 1365 ib.
448 1331 681 1369 DOCXGIH.
730 1332 842 1367 Fossa
858 1343 880 1366 a
895 1343 982 1377 rege
1004 1332 1101 1367 facta
1124 1334 1190 1366 est
1211 1332 1305 1369 inter
1320 1331 1566 1367 Radantiamz
1589 1335 1627 1368 et
1641 1332 1860 1368 Alemonam

308 1379 446 1415 fluvios.
495 1378 708 1414 Proeliuma
736 1379 873 1414 factum
899 1382 972 1414 est
995 1379 1090 1414 inter
1109 1378 1327 1414 Sarracenos
1352 1382 1389 1414 et
1412 1379 1572 1414 Francos
1596 1380 1634 1414 in
1652 1379 1797 1425 Gothia,
1821 1380 1860 1415 in

309 1449 380 1481 quo
418 1436 608 1472 Sarraceni
649 1437 850 1482 superiores
891 1437 1098 1472 extitertmt.
1160 1436 1283 1472 Saxon
1292 1449 1311 1472 e
1321 1449 1337 1472 s
1379 1443 1503 1471 more
1543 1430 1679 1472 solito
1719 1437 1859 1474 defece—

308 1486 430 1519 run&

257 1536 296 1563 ib.
450 1530 703 1567 DOOXOHH.
741 1529 934 1575 synodusb
952 1530 1076 1566 habita
1091 1530 1129 1564 in
1141 1530 1418 1575 anconofurt,
1435 1531 1473 1565 in
1486 1543 1558 1575 qua
1569 1532 1726 1566 haeresis
1734 1538 1751 1558 θ
1766 1531 1859 1566 Feli-

163 1582 199 1610 A.
209 1582 297 1610 Lanr.
310 1576 439 1612 cianad
447 1587 455 1595 ·
463 1578 478 1597 ⁴
501 1589 520 1612 c
530 1589 551 1612 o
562 1589 581 1612 r
590 1589 657 1612 am
682 1577 841 1622 episcopi
850 1589 867 1612 s
885 1576 1082 1612 Galliarum
1101 1580 1138 1612 et
1155 1577 1328 1613 Germani
1337 1589 1441 1613 arum
1456 1578 1634 1613 Italorum
1644 1590 1668 1622 q
1678 1590 1702 1612 u
1712 1589 1733 1613 e
1756 1589 1859 1623 prae-

310 1627 416 1666 sente
438 1636 475 1658 m
483 1636 564 1670 agn
572 1636 593 1659 o
615 1625 757 1669 princip
765 1635 785 1659 e
802 1623 830 1658 G
838 1625 930 1658 arlo
940 1631 957 1652 θ
980 1627 1018 1659 et
1033 1624 1132 1659 missi
1141 1636 1156 1658 s
1173 1625 1327 1659 Adriani
1344 1625 1530 1670 apostolici
1547 1625 1649 1660 Theo
1656 1637 1680 1670 p
1687 1625 1827 1660 hilacto
1838 1624 1856 1652 f

310 1674 348 1706 et
371 1670 565 1716 Stephano
591 1670 829 1716 episcopis**
854 1671 962 1706 tertio
978 1678 1000 1704 8
1029 1671 1208 1706 damnata
1236 1674 1291 1706 est
1324 1674 1370 1706 et
1402 1675 1509 1706 rata
1532 1672 1860 1717 stipulatione

310 1717 549 1752 damnatio
581 1719 820 1753 roborata.
867 1718 1044 1752 hastrada
1067 1719 1194 1764 regina
1222 1719 1430 1753 moritur
1458 1722 1495 1753 et
1505 1712 1854 1764 Mogontiaci¹¹

310 1775 331 1798 a
339 1776 363 1809 p
374 1777 397 1798 u
408 1764 431 1799 d
463 1767 590 1800 sanctu
599 1777 636 1799 m
661 1765 807 1800 Albanu
817 1776 854 1799 m
884 1764 1083 1800 honorifice
1108 1765 1248 1810 sepulta
1273 1768 1327 1800 est
1337 1765 1369 1799 i,
1419 1765 1722 1810 Pseudosynodus
1747 1765 1859 1801 Grae—

462 1869 498 1914 *)
521 1869 724 1904 Cumanum
747 1872 910 1905 montem
934 1872 1017 1906 add.
1042 1882 1088 1906 m.
1113 1882 1200 1906 saec.
1225 1872 1294 1906 XI.
1319 1873 1358 1904 in
1381 1873 1544 1914 margine
1567 1872 1640 1907 cod.
1666 1873 1699 1907 3.

440 1916 499 1961 **)
522 1917 814 1961 asstipulantibus
838 1918 922 1953 add.
947 1929 993 1953 m.
1019 1929 1109 1953 saec.
1134 1919 1203 1954 XI.
1228 1920 1321 1952 inter
1346 1919 1458 1952 lineas
1481 1919 1552 1952 cod.
1577 1920 1612 1954 3.

309 2023 338 2053 a)
358 2026 542 2047 consumtum
561 2023 587 2050 3.
657 2022 687 2053 b)
706 2022 834 2048 Karolus
854 2024 878 2050 1.
893 2023 918 2050 2.
990 2024 1018 2054 c)
1037 2021 1228 2055 predationes
1248 2024 1272 2049 1.
1345 2022 1375 2054 d)
1395 2022 1483 2049 cedes
1502 2025 1527 2050 1.
1539 2024 1565 2050 3.
1637 2024 1665 2054 e)
1683 2023 1815 2049 exertitu
1833 2023 1859 2051 3.

308 2058 332 2088 f)
350 2057 464 2082 baioria
483 2058 508 2084 3.
571 2059 600 2089 g)
620 2056 724 2083 divisit
743 2059 767 2085 1.
830 2058 861 2089 h)
879 2058 1011 2084 australe
1029 2059 1054 2085 3.
1117 2058 1138 2089 i)
1158 2057 1282 2084 danuvii
1301 2058 1327 2085 3.
1380 2058 1412 2089 k)
1430 2059 1603 2084 frisionibus
1623 2059 1648 2086 3.
1701 2059 1724 2089 l)
1741 2059 1816 2083 deest
1834 2059 1859 2086 1.

310 2093 349 2123 m)
368 2093 518 2123 ingressus
538 2100 612 2119 corr.
632 2093 758 2125 ingressi
777 2094 790 2118 s
809 2094 834 2120 3.
933 2095 964 2124 ιι)
983 2094 1154 2125 fugentibus
1174 2095 1198 2120 3.
1298 2095 1326 2124 ο)
1345 2094 1414 2125 igne
1434 2096 1457 2121 1.
1477 2095 1501 2121 2.
1600 2095 1632 2126 p)
1656 2093 1770 2119 heresis
1790 2095 1814 2120 1.
1833 2094 1859 2121 3.

309 2129 340 2159 q)
359 2127 494 2153 felitiana
512 2128 537 2155 3.
628 2129 654 2158 r)
678 2135 880 2159 reganespurg
898 2128 923 2155 3.
1011 2130 1037 2158 s)
1063 2127 1181 2160 dampn.
1200 2129 1225 2156 2.
1315 2131 1338 2159 ι.)
1362 2129 1559 2160 engilbertum
1579 2130 1603 2156 1.
1622 2129 1647 2155 2.
1737 2130 1768 2159 ιι)
1793 2135 1859 2161 pre·

309 2162 435 2188 sentiam
455 2163 479 2189 1.
498 2163 523 2189 3.
613 2164 644 2193 v)
668 2170 777 2195 compr.
797 2165 821 2190 1.
912 2164 952 2194 w)
976 2164 1102 2189 cecitate
1124 2165 1148 2191 1.
1237 2165 1268 2194 x)
1293 2162 1424 2189 danuuio
1443 2165 1468 2191 3.
1557 2165 1588 2196 y)
1613 2164 1632 2190 f.
1652 2171 1676 2190 e.
1696 2163 1728 2188 in
1746 2162 1814 2191 dan.
1834 2165 1858 2191 1.

310 2199 336 2227 z)
355 2197 522 2223 radantiam
541 2204 616 2225 corr.
636 2197 803 2223 ardantiam
822 2199 846 2225 3.
945 2200 974 2229 a)
994 2199 1120 2230 prelium
1141 2200 1165 2226 1.
1254 2199 1284 2230 b)
1304 2198 1431 2224 Sinodus
1451 2199 1476 2226 2,
1495 2199 1520 2226 3.
1611 2200 1638 2229 e)
1657 2199 1771 2224 heresis
1791 2200 1815 2225 1.
1833 2199 1859 2226 3.

309 2231 341 2262 d)
358 2233 494 2258 felitiana
512 2233 537 2260 3.
638 2235 666 2263 e)
690 2233 769 2258 carlo
788 2234 813 2260 3.
913 2233 937 2264 f)
962 2234 1162 2265 theophilacio
1183 2235 1206 2261 1.
1313 2236 1343 2266 g)
1370 2234 1462 2259 tercio
1481 2234 1507 2261 2.
1609 2234 1640 2264 h)
1665 2234 1814 2266 mogontie
1833 2234 1858 2261 3.

309 2268 331 2299 i)
349 2267 493 2299 sepelitur
513 2269 537 2295 1.
555 2268 580 2295 2.

310 2360 345 2404 1)
375 2362 525 2405 propter
548 2360 696 2394 nimiam
721 2360 900 2395 maliciam
927 2388 934 2397 .
961 2388 969 2397 .
996 2387 1025 2405 .,
1060 2372 1168 2404 quam
1201 2360 1367 2396 fecerunt
1390 2360 1503 2395 Avari
1537 2363 1663 2395 contra
1697 2363 1858 2396 sanctam

309 2407 496 2442 ecclesiam
512 2407 571 2442 vel
586 2407 761 2452 populum
779 2407 1012 2442 christianum
1029 2409 1124 2444 Ann.
1142 2409 1256 2444 Later.
1297 2409 1366 2451 Ea,
1393 2419 1481 2452 quae
1496 2410 1665 2452 sequitur,
1691 2410 1859 2443 narratio

308 2456 348 2488 in
377 2455 480 2488 rebus
509 2459 540 2488 et
569 2455 694 2498 aliqua
724 2465 768 2489 ew
795 2460 901 2499 parte
929 2456 1034 2489 etiam
1064 2457 1104 2488 in
1132 2456 1244 2489 verbis
1267 2466 1344 2488 cum
1369 2457 1464 2491 Ann
1490 2455 1603 2491 Laar.
1628 2459 1660 2489 et
1683 2455 1857 2492 Laureeh.

307 2500 510 2545 (divisitque
536 2500 735 2536 exercitum
761 2529 769 2538 .
796 2527 804 2535 .
831 2529 839 2537 .
865 2501 941 2546 ipse
967 2528 976 2537 .
1003 2529 1011 2538 .
1038 2529 1046 2538 .
1072 2512 1117 2536 ex
1140 2501 1340 2536 meridiana
1363 2504 1467 2546 parte
1486 2501 1639 2536 Danovii
1664 2529 1673 2538 .
1735 2500 1857 2538 Fre-

308 2547 449 2582 sionum
475 2550 512 2582 et
536 2546 764 2582 Saxonorum
789 2559 872 2582 cum
898 2547 1090 2593 Toringos)
1112 2550 1276 2592 convenit,
1307 2549 1366 2582 sed
1389 2560 1495 2583 accur
1496 2550 1591 2583 atior
1614 2549 1773 2593 utrisque
1796 2553 1855 2592 εει,

308 2595 478 2638 siquidem
511 2595 557 2628 ab
587 2595 664 2629 illis
696 2596 838 2629 navalis
867 2596 1061 2630 Frisonum
1092 2597 1265 2640 expeditio
1297 2607 1374 2629 cam
1406 2597 1674 2640 septentrionali
1704 2597 1858 2630 exercitu

307 2643 557 2684 confunditur‚·
573 2653 786 2686 quamquam
802 2644 1006 2686 scriptorem
1022 2643 1259 2677 doctissimum
1275 2643 1464 2676 annalium
1480 2643 1624 2685 Karoh}
1643 2643 1686 2678 Β.
1704 2642 1855 2685 Simeon,

307 2699 348 2722 ea
372 2689 413 2721 de
436 2699 475 2722 re
498 2689 606 2722 aliter
628 2690 756 2723 sentire
778 2700 850 2724 non
874 2691 1010 2732 imum-0.
1058 2690 1133 2724 Hoc
1160 2691 1275 2733 ἐρέται·
1300 2691 1371 2724 loco
1394 2690 1587 2724 Fuldenses
1616 2690 1779 2733 prooeime
1809 2690 1858 2722 ad

308 2736 467 2769 Annales
495 2737 643 2770 amissos
672 2737 829 2770 accedere
865 2737 957 2770 mihi
991 2737 1175 2777 videntur:
1213 2738 1250 2770 in
1286 2738 1355 2779 fine
1390 2741 1506 2770 tamen
1541 2740 1715 2770 auctorem
1751 2737 1857 2769 etiam

308 2782 543 2816 sithiensibus
566 2794 668 2816 usum
692 2794 762 2817 εεεε
781 2783 964 2827 probabile
987 2788 1048 2826 εει,
1084 2784 1147 2817 ubi
1175 2784 1258 2817 haec
1283 2784 1466 2826 leyemtur:
1501 2781 1626 2816 Carlus
1650 2781 1856 2816 Pannonias

309 2840 391 2863 cum
417 2829 576 2863 exercitu
601 2829 692 2874 ingr.
708 2828 904 2864 Hunorum
929 2841 1004 2875 reg.
1030 2830 1126 2864 ferro
1153 2832 1190 2865 et
1213 2830 1289 2875 igni
1313 2830 1518 2874 populatur,
1614 2829 1650 2872 2)
1672 2828 1763 2864 Her.
1780 2827 1855 2864 Fel.

307 2875 384 2920 ipso
411 2886 490 2909 eam
515 2875 597 2911 abn.
623 2875 818 2920 dampnata
841 2878 937 2913 Arm.
962 2877 1054 2913 sith.
1173 2877 1210 2921 3)
1233 2877 1377 2911 detecta
1402 2896 1443 2901 —
1471 2878 1525 2910 est
1554 2887 1598 2910 ex
1622 2878 1717 2912 Arm.
1742 2876 1855 2911 Laur.

307 2923 344 2966 4)
367 2920 442 2958 Sin.
468 2941 513 2947 —-—
538 2921 648 2957 Felic.
673 2934 716 2957 ex
740 2925 844 2960 Anm-
861 2924 964 2967 Sith„
991 2935 1079 2968 quae
1103 2929 1307 2968 sequuntur,
1333 2934 1376 2957 ex
1400 2923 1515 2958 Laur.
