2020 3358
447 306 686 343 AUCTORE
710 306 990 344 EINHARDO.
1039 307 1087 344 A.
1106 309 1304 345 791—798.
1613 311 1658 345 13

100 433 253 463 coruma
282 437 349 471 pro
374 425 566 460 adorandis
590 424 808 469 imaginibus
841 423 866 458 h
878 435 899 458 a
908 423 931 458 b
942 424 1010 458 ita
1044 435 1063 458 e
1074 426 1091 458 t
1123 423 1213 458 falso
1247 425 1400 469 septima
1433 436 1523 460 voca
1531 427 1548 459 t
1558 436 1578 459 a
1611 425 1656 459 ab

99 475 230 520 episc
242 473 341 518 opis
367 472 502 507 damn
514 475 632 508 atur.
675 470 837 506 Saxones
861 471 898 505 in
916 469 1124 505 Sinitfelde
1137 469 1157 496 b
1181 471 1432 517 congregatio
1457 483 1479 506 a
1495 471 1651 506 Carlo(¹

99 521 239 556 subacti
263 522 374 554 sunt
397 522 444 554 et
467 518 638 553 tertiuse
669 529 723 553 ex
747 517 815 552 eis
845 517 930 552 hom
942 528 963 552 o
994 517 1277 554 translatus.
1421 517 1507 552 His
1541 521 1655 553 tem·
1669 525 1881 558 chr.L.111,26.

98 581 123 614 p
133 580 155 603 o
163 568 236 602 rib
247 579 271 601 ιι
281 578 297 601 s
321 566 371 600 Al
380 577 401 601 a
409 566 434 600 h
444 566 558 600 winus
583 565 756 600 diaconus
774 567 1016 609 cognomento
1033 563 1190 599 Albinus
1209 565 1399 600 sanctitate
1425 576 1445 600 e
1452 567 1468 599 t
1493 565 1657 600 doctrina

100 615 216 650 clarus
241 613 407 649 habetur.

239 659 448 696 DCCXCV.
498 658 624 694 Carlus
635 657 652 685 f
659 668 667 677 ·
678 659 689 678 ¹
714 670 798 693 cum
823 658 985 693 exercitu
997 664 1019 690 g
1041 657 1237 693 saxoniam
1261 658 1401 704 ingenti
1425 658 1658 703 populatione
1672 654 1706 682 A.
1717 654 1792 682 ΒΜ·
1803 658 1833 680 0ss

98 711 224 743 vastan
233 707 257 742 d
268 719 289 742 o
326 706 491 752 pervenit
527 717 641 750 usque
678 705 724 740 ad
738 704 759 732 ¹¹
802 705 922 740 locum
933 731 942 748 ‚
989 716 1039 749 qu
1049 717 1068 740 e
1079 717 1117 739 m
1154 717 1176 740 v
1185 717 1206 740 o
1218 717 1237 740 c
1247 717 1269 740 a
1278 717 1303 739 ιι
1312 709 1328 740 t
1364 705 1494 740 Hliuni
1504 704 1515 732 i
1527 732 1536 749 ,
1578 717 1602 739 u
1611 705 1659 740 bi
1672 689 1706 717 A.
1718 690 1805 717 1⁴²³*

99 755 243 791 Witzan
268 754 342 789 dux
359 753 623 788 Abodritorum
648 752 695 787 ad
718 763 843 798 regem
867 763 979 797 perge
989 763 1008 786 r
1017 763 1037 787 e
1062 764 1085 787 v
1094 763 1115 787 o
1125 752 1138 786 l
1148 763 1167 787 e
1177 764 1202 787 ιι
1212 764 1228 787 s
1254 764 1275 787 a
1291 752 1495 788 Saxonibus
1520 752 1658 787 occisus

100 805 164 838 est.
213 801 267 836 In
292 813 315 845 q
327 813 350 835 u
361 801 451 835 olo
462 812 482 835 c
493 811 514 835 o
532 800 676 842 Tudun,
703 800 765 843 qui
789 800 827 834 in
851 802 961 845 gente
977 798 1049 833 Hu
1061 810 1226 834 norum
1250 799 1442 845 magnaek
1461 799 1657 844 potestatis

99 851 222 894 erat,
247 860 330 894 per
354 849 546 892 legatos
571 858 680 882 suos
705 858 743 881 se
768 850 812 881 et
835 848 979 881 terram
1005 857 1088 881 cum
1111 847 1258 891 populo,
1285 845 1657 891 cuipraeerat1‚

99 894 761 978 {ffictffgxgoffiuss‘eihffssffiffffiu}
775 893 964 975 εἷΐῖἒξιῖ
972 905 1064 975 {¹²15
1075 905 1205 975 3552}ss
1212 905 1235 975 ἔ
1242 893 1547 975 ῗέἓῖῗιῗῗθᾱῇθχ
1571 904 1657 928 vem

241 988 470 1024 DCCXCVL
507 988 672 1023 Adriano
685 987 857 1033 pontifice
869 987 1040 1022 defuncto
1051 987 1128 1022 Leo
1141 999 1237 1032 papa
1249 988 1430 1022 successit.
1513 987 1636 1032 Cagan
1645 987 1658 1006 ‘·'
1672 994 1707 1022 A.
1717 995 1792 1022 sith.

101 1048 121 1072 e
130 1040 147 1071 t
170 1036 326 1082 Iugurro
351 1035 575 1081 principibus
607 1034 646 1070 H
656 1047 680 1069 u
691 1047 715 1069 n
726 1046 747 1069 o
758 1047 776 1069 r
786 1047 810 1069 u
819 1047 857 1069 m
891 1034 1031 1070 civili
1062 1035 1087 1069 b
1098 1035 1192 1070 ello
1228 1046 1247 1070 e
1258 1037 1274 1069 t
1306 1035 1477 1070 intestina
1511 1034 1611 1069 clade
1638 1045 1658 1068 a
1672 1030 1707 1091 2·
1718 1031 1805 1092 ὲὲῐέΐ·
1817 1033 1848 1075 ⁹².

100 1084 172 1119 suis
196 1084 322 1119 occisis
347 1095 495 1128 campus
520 1094 540 1117 e
551 1094 667 1126 orum,
700 1094 724 1126 q
734 1094 758 1116 u
768 1093 787 1117 e
797 1094 834 1116 m
859 1093 882 1116 v
892 1093 912 1116 o
925 1093 944 1116 c
954 1093 975 1116 a
985 1093 1010 1116 ιι
1020 1084 1036 1116 t
1059 1081 1255 1128 Hfingum,
1281 1082 1399 1126 primo
1424 1093 1491 1127 per
1514 1081 1571 1117 Eh
1582 1093 1601 1116 e
1611 1082 1658 1116 ri-
1701 1087 1708 1093 '
1740 1069 1763 1091 η
1787 1087 1793 1093 ·

101 1142 184 1166 cum
209 1131 339 1166 ducem
363 1130 648 1165 Foroiuliensem
665 1136 684 1155 ¹¹
693 1156 702 1172 ,
731 1129 863 1164 deinde
887 1140 954 1174 per
978 1128 1175 1174 Pippinum
1199 1128 1314 1163 filium
1339 1129 1434 1175 regis
1459 1141 1480 1164 a
1490 1129 1536 1163 di
1546 1131 1562 1163 t
1571 1141 1595 1162 ιι
1604 1140 1619 1163 s
1633 1134 1651 1155 0

101 1189 121 1213 e
130 1181 146 1212 t
170 1189 190 1212 c
201 1189 254 1223 ap
265 1181 314 1212 tu
324 1188 340 1211 s
365 1179 436 1221 est3
461 1179 499 1212 et
523 1188 648 1211 omnes
664 1175 861 1210 Hunorum
885 1187 972 1220 opes
998 1187 1040 1210 ac
1064 1176 1224 1211 thesauri
1241 1176 1372 1211 sublati
1397 1179 1440 1211 et
1451 1183 1471 1210 Ι)
1496 1175 1523 1210 C
1532 1176 1624 1210 arlo
1633 1174 1653 1202 ‘¹

100 1225 137 1259 in
154 1224 271 1268 Aquis
282 1236 306 1270 g
314 1236 333 1258 r
341 1235 362 1258 a
371 1224 418 1258 ni
442 1224 576 1268 palatio
602 1235 623 1258 a
632 1224 667 1258 ll
678 1235 699 1257 a
708 1226 724 1257 t
734 1223 773 1257 iq
802 1225 896 1259 sunt.
947 1222 1080 1257 Tudun
1091 1230 1107 1250 r
1137 1223 1337 1258 secundum
1359 1223 1657 1268 pollicitationem

101 1283 203 1306 suam
232 1283 315 1306 cum
348 1283 372 1315 p
382 1283 402 1305 ο
412 1283 436 1316 p
447 1282 470 1304 ιι
479 1271 521 1305 lo
555 1282 572 1305 s
582 1282 607 1304 u
618 1282 639 1304 o
673 1270 719 1304 ad
743 1281 867 1316 regem
877 1275 891 1296 S
924 1270 1126 1315 baptizatus
1151 1272 1188 1305 et
1212 1269 1411 1306 honorifice
1434 1281 1475 1305 re
1484 1270 1570 1304 mis
1581 1281 1596 1304 s
1606 1282 1631 1304 u
1641 1281 1657 1304 s

103 1329 122 1354 e
133 1330 150 1353 s
159 1321 185 1355 t.
329 1317 487 1353 Saxonia
510 1318 643 1352 iterum
668 1328 690 1351 a
712 1328 799 1362 rege
823 1319 995 1353 vastatur.
1672 1324 1707 1352 A.
1718 1324 1793 1351 sith.

243 1364 493 1401 DCCXCVII.
529 1364 734 1399 Barcinona
747 1363 944 1408 Hispaniae
956 1364 968 1390 t
988 1364 1123 1407 civitas,
1141 1374 1234 1407 quae
1247 1363 1319 1398 iam
1331 1363 1474 1408 pridem
1487 1374 1508 1398 a
1520 1362 1658 1398 Fran·
1671 1360 1706 1387 A.
1718 1360 1805 1387 Laur.
1816 1362 1847 1386 ‘³‘

102 1423 121 1447 c
130 1411 190 1446 isu
213 1411 257 1446 de
265 1411 305 1446 fe
313 1414 422 1456 cerat,
440 1422 506 1456 per
521 1411 680 1446 zatumv
702 1410 943 1446 Sarracenum
952 1410 966 1430 ³
981 1410 1207 1455 praefectum
1216 1417 1246 1436 W
1265 1410 1347 1445 eius
1361 1409 1496 1445 Carlox
1516 1410 1658 1445 reddita
1672 1395 1707 1423 A.
1717 1395 1792 1422 Sim·

101 1461 166 1495 est.
277 1457 534 1492 Constantinus
558 1458 756 1502 imperator
780 1469 802 1492 a
826 1457 860 1493 G
869 1469 888 1491 r
897 1468 918 1492 a
927 1468 947 1491 e
958 1457 1025 1492 cis
1041 1464 1063 1491 y
1092 1459 1305 1492 excaecatus
1321 1464 1337 1483 Ζ
1368 1460 1432 1493 est.
1546 1456 1574 1492 C
1585 1469 1606 1491 a
1615 1469 1634 1491 r
1644 1477 1657 1483 -
1671 1465 1706 1493 A.
1717 1465 1793 1493 sith.

103 1505 147 1540 lu
158 1516 174 1539 s
185 1504 202 1531 f
232 1505 460 1549 expeditione
469 1511 489 1531 a
518 1504 615 1539 facta
636 1507 653 1538 t
662 1516 683 1538 o
694 1507 710 1538 t
719 1515 741 1539 a
749 1516 787 1539 m
805 1503 1000 1539 Saxoniam
1025 1515 1140 1548 usque
1164 1504 1211 1538 ad
1227 1503 1313 1538 Had
1323 1515 1345 1538 a
1353 1503 1463 1539 lohab
1471 1531 1480 1549 ‚
1507 1515 1530 1548 q
1540 1516 1564 1538 u
1575 1515 1596 1538 a
1606 1515 1625 1539 e
1634 1510 1651 1531 θ
1674 1513 1707 1540 Α.
1718 1513 1805 1540 Laur.

101 1552 195 1587 sita
219 1552 361 1586 estin
386 1552 559 1586 littore
584 1551 739 1595 oceani,
773 1551 1059 1597 peragravit
1084 1553 1226 1595 atque
1251 1551 1289 1586 in
1314 1550 1564 1586 deditionemd
1592 1563 1660 1596 per

101 1598 241 1634 obsides
267 1601 394 1643 accept
403 1610 424 1633 a
431 1610 468 1632 m
493 1598 610 1642 Aquis
620 1610 644 1644 g
653 1610 672 1632 r
681 1609 703 1633 a
711 1610 736 1633 n
746 1598 759 1632 i
788 1609 894 1633 rever
903 1601 919 1633 t
928 1598 940 1632 i
949 1601 966 1632 t
974 1610 999 1632 u
1009 1610 1029 1632 r
1039 1612 1048 1642 3
1079 1610 1104 1632 u
1113 1598 1137 1633 b
1147 1599 1159 1632 i
1184 1598 1379 1633 Abdellam
1405 1598 1657 1643 Sarracenam,

100 1645 215 1680 filium
247 1645 332 1680 Ibin
342 1666 355 1671 -
367 1645 524 1691 Maugae
539 1652 556 1672 e
598 1645 694 1690 regis
702 1672 711 1689 ‚
749 1646 811 1690 qui
848 1657 870 1680 a
905 1645 1018 1680 fratre
1055 1656 1168 1691 reg-no
1205 1646 1329 1690 pulsus
1366 1645 1404 1680 in
1437 1645 1659 1680 Mauritania

101 1692 279 1735 exulabat,
305 1693 382 1737 ipso
408 1704 445 1727 se
468 1693 746 1727 commendante
771 1692 939 1737 suscepit.
987 1691 1081 1727 Illuc
1106 1704 1129 1737 q
1139 1705 1163 1726 u
1174 1704 1195 1727 o
1206 1704 1229 1737 q
1239 1705 1263 1726 u
1274 1704 1294 1727 e
1319 1693 1458 1739 legatus
1475 1693 1626 1728 Nicetae
1636 1691 1654 1719 f

100 1752 124 1785 p
134 1751 153 1774 r
162 1751 183 1774 a
193 1751 212 1774 e
223 1739 241 1774 f
245 1751 264 1774 e
276 1751 295 1774 c
305 1740 341 1774 ti
366 1739 488 1775 Sicilia
497 1751 517 1774 e
533 1746 555 1772 g
562 1766 570 1782 ‚
604 1739 751 1774 nomine
777 1738 1051 1783 Theoctistush‚
1076 1740 1177 1774 venit
1201 1751 1220 1774 c
1232 1752 1255 1773 u
1265 1751 1303 1774 m
1328 1740 1480 1785 epistola
1503 1740 1658 1785 impera-

100 1787 187 1822 toris
198 1801 207 1831 ς
233 1798 340 1831 quem
365 1798 384 1821 r
394 1798 412 1821 e
423 1799 447 1820 x
471 1786 663 1832 magnifice
688 1787 884 1832 suscipiens
909 1789 992 1832 post
1015 1798 1151 1832 paucos
1176 1787 1251 1822 dies
1277 1787 1430 1822 absolvit
1455 1799 1475 1823 e
1484 1790 1501 1821 t
1525 1799 1546 1822 a
1556 1788 1579 1822 b
1590 1788 1630 1821 ir
1638 1799 1657 1822 e

134 1845 153 1868 e
161 1845 224 1868 rm
234 1834 246 1868 i
257 1845 272 1868 s
283 1834 331 1870 it.

100 1846 124 1879 p
241 1880 512 1917 DCCXCVIII.
569 1880 695 1915 Carlus
712 1879 722 1907 i
768 1893 851 1915 cum
886 1881 1048 1916 exercitu
1059 1880 1083 1907 k
1119 1881 1292 1915 hiemavit
1325 1881 1363 1915 in
1397 1881 1435 1915 H
1446 1892 1467 1915 a
1475 1881 1625 1916 ristallio
1637 1880 1648 1907 1
1673 1889 1707 1916 A.
1718 1888 1793 1915 sith.

101 1926 291 1963 Saxonico.
330 1927 491 1962 Hadofu
499 1940 541 1962 ns
558 1940 629 1963 rex
646 1927 828 1963 Galleciae
835 1935 867 1954 1¹¹
884 1930 921 1962 et
937 1927 1135 1963 Asturiae¹¹
1157 1939 1235 1972 per
1251 1928 1429 1962 Floram⁰
1439 1929 1469 1947 ‘⁴
1486 1929 1657 1974 legatum
1673 1935 1707 1963 A.
1718 1936 1805 1962 Laur.

101 1986 116 2008 s
124 1986 148 2008 u
156 1986 179 2008 u
186 1986 222 2008 m
246 1970 465 2020 papilionem
490 1975 603 2010 mirae
616 1982 635 2008 1)
658 1975 937 2019 pulchritudinis
962 1986 981 2009 r
987 1986 1007 2010 e
1013 1975 1058 2020 gi
1080 1977 1096 2009 t
1102 1986 1121 2009 r
1127 1986 1149 2009 a
1155 1987 1179 2009 n
1187 1986 1203 2009 s
1209 1975 1265 2009 mi
1274 1975 1341 2011 sit.
1383 1975 1572 2010 Transalbi
1582 1987 1603 2009 a
1611 1987 1636 2009 n
1646 1975 1658 2009 i

102 2021 128 2056 S
139 2033 161 2055 a
170 2034 192 2055 x
204 2033 224 2055 o
234 2034 258 2055 n
270 2033 289 2056 e
299 2034 315 2056 s
340 2021 515 2057 seditione
523 2029 543 2054 (ι
566 2025 748 2056 commota
764 2022 902 2066 legatos
918 2022 1049 2067 regios,
1075 2021 1137 2066 qui
1162 2022 1208 2056 ad
1232 2022 1386 2056 iustitias
1397 2029 1413 2048 1·
1442 2022 1625 2057 faciendas
1635 2028 1650 2048 S

102 2068 199 2113 apud
222 2079 282 2103 eos
298 2068 546 2113 versabantur,
572 2069 873 2114 conprehendunt
882 2070 896 2095 t
906 2095 915 2114 ‚
941 2081 990 2113 qu
1000 2069 1013 2103 i
1022 2069 1045 2104 b
1056 2069 1184 2103 usdam
1209 2081 1254 2104 ex
1280 2069 1330 2104 eis
1355 2069 1476 2104 statim
1501 2069 1658 2104 trucida-

101 2116 163 2149 tis
175 2141 183 2158 ‚
218 2127 241 2160 q
251 2127 275 2149 u
285 2115 297 2149 i
307 2116 330 2150 b
342 2128 365 2150 ιι
376 2127 391 2150 s
403 2115 427 2150 d
439 2127 460 2150 a
469 2127 507 2150 m
541 2116 587 2150 ad
614 2116 867 2151 redimendum
891 2118 1061 2151 reservat
1070 2116 1083 2151 i
1093 2127 1108 2150 s
1119 2130 1128 2160 3
1163 2127 1207 2151 ex
1232 2117 1363 2160 quibus
1388 2117 1499 2161 aliqui
1523 2116 1658 2161 effuge-

101 2165 196 2206 runt,
223 2163 334 2197 ceteri
358 2163 538 2208 redempti
563 2166 657 2199 sunt.
706 2162 739 2208 Q
750 2175 773 2197 u
784 2175 805 2197 o
839 2174 860 2198 a
870 2175 893 2197 u
904 2163 974 2198 dit
985 2174 1006 2198 o
1037 2174 1102 2198 rex
1132 2163 1171 2197 in
1196 2163 1398 2199 desertores
1423 2175 1524 2198 arma
1547 2163 1658 2198 corri-

102 2271 130 2298 a)
143 2276 296 2300 grecorum
309 2270 341 2301 ὃς
357 2267 626 2301 pseudogrecorum
639 2268 771 2302 synodus
786 2270 810 2296 1.
858 2269 888 2300 b)
902 2268 1070 2302 Synitfelde
1084 2270 1109 2297 1.
1155 2272 1182 2301 c)
1195 2271 1351 2302 congegati
1364 2271 1389 2299 3.
1439 2269 1469 2301 d)
1483 2270 1586 2296 karolo
1600 2272 1623 2298 1.
1634 2271 1659 2298 2.

103 2307 131 2334 e)
150 2304 259 2329 tercius
279 2305 304 2332 2.
385 2305 409 2335 f)
428 2305 548 2330 karolus
569 2306 592 2332 l.
612 2305 638 2332 2.
719 2306 748 2336 g)
767 2305 898 2330 exertitu
917 2306 942 2332 3.
1025 2305 1056 2336 h)
1075 2312 1093 2330 a
1112 2305 1137 2332 3.
1218 2306 1239 2336 i)
1258 2306 1334 2331 liuni
1352 2306 1377 2333 3.
1458 2306 1490 2336 k)
1509 2313 1615 2338 magne
1634 2307 1659 2333 3.

103 2339 124 2369 l)
144 2343 262 2371 preerat
280 2340 306 2366 3.
377 2342 415 2370 m)
435 2340 574 2365 frantiam
594 2340 618 2367 3.
691 2342 722 2370 n)
741 2340 962 2366 foroiuliensem
976 2341 999 2367 1.
1073 2342 1101 2371 ο)
1121 2341 1198 2372 regis
1218 2341 1311 2366 fllium
1330 2339 1468 2367 addictus
1489 2342 1518 2373 13
1538 2341 1556 2368 f.
1571 2349 1594 2368 r.
1607 2339 1659 2366 ad-

104 2373 200 2399 dictus
219 2376 244 2401 3.
334 2376 365 2407 p)
390 2378 420 2400 et
439 2389 473 2393 —
491 2378 562 2401 sunt
586 2382 674 2400 manu
690 2376 846 2407 primitiva
864 2376 895 2400 in
914 2376 1045 2407 margine
1064 2377 1204 2407 inferiore
1223 2377 1333 2401 adiecta
1351 2377 1376 2404 3.
1467 2378 1497 2409 q)
1521 2376 1613 2402 ablati
1634 2377 1659 2403 3.

105 2411 130 2438 r)
148 2408 264 2434 'rudum
283 2410 308 2436 3.
387 2412 413 2441 s)
432 2417 450 2436 a
470 2417 538 2442 rege
558 2412 583 2438 1.
601 2411 627 2438 2.
709 2413 731 2442 t)
751 2411 888 2443 hispanie
907 2411 932 2438 3.
1005 2412 1036 2441 u)
1054 2411 1161 2437 frantis
1180 2412 1205 2439 3.
1278 2413 1308 2443 v)
1327 2415 1417 2437 zatun
1436 2412 1460 2438 3.
1533 2413 1572 2442 w)
1593 2419 1659 2444 pre-

105 2444 214 2469 fectum
234 2446 258 2471 1.
276 2446 301 2471 3.
393 2447 424 2475 x)
445 2445 543 2471 carolo
563 2447 587 2473 1.
606 2447 632 2473 2.
722 2448 752 2479 y)
771 2447 867 2478 grecis
889 2448 918 2478 i;
948 2446 1039 2477 gretie
1060 2447 1085 2474 3.
1176 2449 1202 2477 z)
1222 2450 1381 2473 excecatus
1402 2449 1426 2474 1.
1445 2448 1470 2474 3.
1559 2449 1588 2477 a)
1609 2455 1659 2472 ex-

106 2477 261 2511 pedicione
282 2481 306 2507 1.
324 2480 349 2507 2.
429 2480 459 2510 b)
477 2479 605 2506 adaloha
623 2482 648 2508 2.
667 2481 692 2508 3.
765 2483 792 2512 c)
811 2489 870 2514 que
888 2482 913 2509 3.
994 2480 1025 2513 d)
1045 2480 1231 2507 dedicionem
1252 2484 1276 2510 1.
1295 2483 1321 2510 2.
1393 2484 1420 2513 e)
1440 2483 1607 2514 ibimaugae
1628 2483 1657 2514 13

106 2514 274 2546 ibinmauge
292 2516 317 2542 3.
379 2515 404 2545 f)
421 2515 519 2541 niceto
538 2516 563 2543 3.
625 2518 655 2548 g)
673 2517 769 2542 sicilie
788 2518 813 2543 3.
878 2517 909 2547 h)
929 2517 1084 2543 teoctistus
1103 2517 1128 2544 3.
1183 2518 1204 2548 i)
1224 2518 1351 2543 Karolus
1373 2519 1397 2544 1.
1415 2518 1440 2545 2.
1496 2518 1527 2549 k)
1547 2517 1658 2543 exi-titu

104 2550 172 2580 (sic)
196 2551 220 2576 3.
310 2550 331 2580 l)
356 2550 520 2576 haristellio
544 2552 576 2583 2;
608 2551 788 2577 harisstallio
812 2553 837 2580 3.
933 2554 973 2583 m)
998 2553 1142 2584 galleciae
1167 2560 1242 2580 corr.
1266 2553 1403 2585 galliciae
1430 2555 1460 2586 13
1489 2553 1610 2585 galletie
1633 2553 1658 2580 3.

105 2586 136 2615 ιι)
154 2585 302 2610 astrui-iae
324 2586 354 2617 1;
379 2585 511 2611 hasturie
531 2587 555 2613 3.
636 2588 664 2617 o)
683 2587 789 2613 florum
809 2589 833 2615 1.
846 2588 872 2615 2.
953 2590 984 2620 p)
1003 2589 1076 2613 mire
1096 2589 1121 2615 3.
1201 2590 1231 2620 q)
1249 2587 1403 2614 sedicione
1422 2589 1447 2616 2.
1529 2590 1554 2619 r)
1575 2588 1660 2614 iusti-

105 2619 165 2645 cias
187 2621 209 2647 1.
229 2621 254 2647 2.
325 2622 351 2650 s)
370 2621 444 2645 deese
465 2622 495 2653 13
515 2619 663 2647 satiendas
683 2622 708 2650 3.
780 2624 802 2654 t)
822 2630 933 2655 compr.
953 2624 976 2650 l.

106 2703 140 2745 1)
163 2700 288 2735 Carlus
314 2721 359 2727 —
385 2701 522 2736 occisus
548 2704 603 2737 est
626 2714 669 2737 eoe
694 2705 788 2740 Ami.
814 2705 926 2745 Sith.,·
951 2716 1034 2739 cum
1061 2705 1232 2749 exercitu,
1258 2705 1424 2749 pervenit
1450 2725 1492 2730 —
1517 2704 1658 2748 Hliuni,

103 2746 149 2782 In
175 2768 216 2773 -—-
244 2747 350 2783 rediit
373 2759 417 2783 ecc
434 2750 548 2786 Laur.
643 2750 680 2793 2)
703 2749 826 2796 Cagan
843 2771 888 2777 —
905 2751 1043 2796 occisis,
1067 2751 1263 2796 Hringum,
1289 2754 1326 2787 et
1351 2751 1456 2786 Carlo
1481 2773 1525 2778 -
1549 2753 1658 2796 allati,

104 2794 236 2829 Tudun
263 2816 306 2820 —
331 2796 500 2830 remissus
526 2798 580 2831 est
604 2808 647 2830 exc
671 2798 766 2833 Arm.
790 2799 923 2838 Lam·.,·
948 2798 1105 2843 Campus
1129 2798 1325 2833 Hunorum
1350 2799 1467 2844 primo
1493 2819 1538 2825 -—
1563 2799 1658 2845 regis

105 2842 272 2877 subactus
304 2845 368 2886 est,
403 2846 439 2878 et
471 2863 515 2868 —
546 2843 678 2878 sublati
709 2847 793 2878 sunt
823 2846 918 2881 Ami.
943 2846 1036 2881 sith.
1155 2847 1191 2889 3)
1220 2845 1461 2881 sarracenum
1491 2852 1522 2882 et
1552 2846 1658 2881 Carlo

103 2899 147 2922 ex
170 2890 264 2925 Arm.
283 2890 374 2926 Sim.
470 2892 507 2934 4)
530 2889 639 2925 Flora
660 2901 729 2935 pro
753 2890 862 2926 Frola
886 2892 948 2926 hoc
973 2893 1044 2927 loco
1068 2894 1108 2926 in
1132 2893 1312 2937 aliquibus
1333 2895 1428 2930 Ama.
1445 2895 1659 2929 Lauri-ssen-

103 2937 196 2970 sium
219 2937 391 2971 codicibus
415 2938 556 2980 leqitur.
