2020 3358
455 319 654 356 CONTIN.
678 318 947 356 RATISBON.
994 319 1043 356 A.
1067 322 1150 357 895.
1174 322 1256 357 896.
1564 322 1631 357 127

79 442 268 484 consilio
309 441 623 496 episcoporum
663 453 848 482 suorum
893 439 1197 494 peticionibus
1237 441 1329 482 suis
1369 440 1631 483 satisfacere
1680 452 1691 463 ·

79 500 348 550 decreverit,
396 512 551 541 mense
592 498 808 542 Octobrio
853 499 910 540 de
951 498 1146 540 Francia
1185 500 1232 540 et
1271 498 1548 540 Alamannia
1584 499 1633 540 in
1647 514 1712 541 002.

78 559 220 601 Italia
250 558 475 614 promovit
506 557 769 600 exercitum.
816 556 1066 598 Venientes
1080 556 1095 581 1
1116 557 1283 611 quippe
1313 556 1437 598 ultra
1456 557 1634 598 Padum
1648 573 1751 602 (Dan).

78 617 143 660 ibi
174 618 317 659 diviso
349 617 552 658 exercitu
581 616 863 658 Alamannos
900 628 981 670 per
1012 615 1286 656 Bolonniam
1324 615 1383 656 ad
1414 615 1634 657 Florenti·

77 689 185 718 nam
214 675 375 718 urbem
405 675 471 717 ire
501 674 729 730 permisit;
770 675 867 729 ipse
909 687 1013 715 cum
1044 674 1231 715 Francis
1271 686 1351 728 per
1382 674 1634 728 superiores

78 737 230 790 partes
269 734 488 789 Alpium²
527 735 722 783 curtem,
771 745 887 787 quae
934 732 1103 774 dicitur
1142 732 1338 782 Turrisss,
1386 732 1449 774 sic
1491 745 1635 786 usque

79 793 312 836 civitatem
350 792 559 834 Lunam4
603 791 908 846 progreditur.
975 791 1050 833 Ibi
1094 791 1251 833 natale
1291 791 1478 832 Domini
1525 790 1634 833 cele·
1649 807 1773 834 Dema

78 851 241 893 bravit.

803 938 905 986 896.

219 1013 548 1056 DOGOXOVI.
631 1014 783 1068 Igitur
839 1017 1026 1069 propter
1075 1014 1264 1055 nimiam
1313 1015 1635 1069 tempestatem

78 1073 193 1115 aeris
225 1075 272 1115 et
302 1073 652 1115 immoderatam
682 1073 949 1115 effusionem
983 1073 1194 1114 imbrium
1229 1075 1276 1114 et
1305 1072 1430 1114 ultra
1449 1073 1635 1114 modum

77 1131 456 1174 inundationibus
496 1145 718 1186 aquarum
757 1132 904 1174 omnis
945 1132 1168 1174 exercitus
1205 1145 1286 1186 per
1322 1131 1484 1173 divexa
1514 1145 1635 1172 mon-

79 1191 200 1232 oium
243 1191 481 1232 cacumina
525 1191 736 1246 impediti
782 1193 907 1241 sunt,
956 1191 1125 1246 passim
1171 1191 1363 1232 errando
1410 1189 1634 1232 laboriose

78 1252 398 1304 pervagatusa.
460 1249 595 1292 Unde
633 1250 772 1291 etiam
809 1249 1007 1291 maxima
1036 1249 1307 1304 pestilencia
1338 1262 1556 1303 equorum
1588 1250 1635 1291 et

79 1307 181 1363 plus
220 1308 408 1350 solitum
447 1310 633 1363 propter
673 1308 999 1350 difficultatem
1035 1308 1213 1350 itineris
1245 1308 1534 1362 aggravando
1567 1320 1635 1349 ex-

79 1367 233 1417 crevit,
275 1367 342 1408 ita
372 1380 490 1418 vero,
533 1369 587 1408 ut
624 1369 750 1409 totus
781 1380 898 1422 pene
930 1367 1154 1409 exercitus
1185 1366 1471 1421 supellectile
1502 1379 1635 1407 suum

77 1426 345 1468 inconsueto
377 1439 502 1468 more
533 1439 614 1480 per
635 1425 820 1468 sellatos
841 1438 966 1467 more
987 1425 1194 1480 equitum
1215 1425 1351 1467 boves
1371 1423 1634 1466 trahebant.

78 1484 152 1525 Ad
198 1485 282 1526 hec
329 1485 515 1526 interim
566 1484 713 1526 malus
763 1498 918 1526 rumor
962 1497 1118 1538 regem
1162 1497 1342 1526 necnon
1387 1483 1636 1525 exercitum

79 1543 340 1593 commovit,
386 1543 684 1597 Perngarium
733 1543 908 1584 scilicet
952 1545 1168 1597 nepotem
1208 1542 1304 1584 eius
1345 1555 1372 1583 a
1411 1541 1635 1583 fidelitate

79 1615 162 1643 sua
193 1601 413 1643 defecisse
445 1604 491 1643 et
522 1602 572 1642 in
602 1601 791 1643 Italiam
829 1602 921 1643 iam
961 1615 1043 1656 pro
1083 1602 1170 1642 hoc
1209 1614 1440 1643 reversum
1458 1599 1633 1654 luisse,

79 1660 396 1715 Adalpertum,
437 1660 653 1702 videlicet
693 1661 1007 1702 marchensem
1046 1659 1249 1710 Tusciae,
1290 1659 1462 1700 mutuis
1503 1658 1635 1700 collo-

78 1719 196 1774 quiis
227 1719 465 1774 Perngarii
497 1714 877 1767 <adductum>b·
892 1718 920 1769 ⁵,
961 1732 1019 1761 ne
1060 1718 1214 1772 aliquo
1254 1719 1389 1759 modo
1427 1718 1485 1759 ad
1516 1718 1634 1772 regis

77 1777 350 1820 fidelitatem
381 1779 656 1820 intenderet.

220 1836 306 1879 His
348 1840 395 1879 et
433 1837 606 1878 talibus
650 1837 820 1879 auditis
866 1849 945 1879 rex
989 1837 1119 1890 gravi
1164 1835 1375 1877 molestia
1419 1837 1634 1889 totusque

79 1896 302 1937 exercitus
342 1896 540 1937 maxima
578 1896 811 1937 anxietate
852 1898 899 1937 et
939 1895 1132 1950 penuria
1171 1895 1500 1949 preoccupatus
1538 1895 1635 1935 tan-

79 1955 183 1996 dem
213 1954 375 1996 urbem
405 1955 599 1996 Romam
630 1955 929 1996 advenerunt.
993 1954 1138 2008 Super
1168 1954 1254 1995 hec
1285 1952 1438 1994 omnia
1467 1966 1635 1994 novum
1649 1967 1766 1998 (Febr).

78 2026 222 2067 genus
269 2013 514 2055 anxietatis
562 2013 780 2055 exercitui
826 2013 1037 2055 occurrit.
1114 2012 1235 2054 Nam
1280 2010 1635 2053 adventantibus

79 2071 172 2113 illis
199 2071 477 2126 Ageldrudis
508 2072 648 2114 vidua
668 2071 879 2113 Widonis
910 2074 1066 2126 portas
1097 2071 1146 2112 in
1179 2070 1373 2112 circuitu
1402 2083 1635 2111 murorum

78 2143 234 2172 omnes
265 2131 481 2172 serrando
503 2131 836 2186 preoccupavit,
869 2133 923 2172 ut
944 2129 1154 2172 omnibus
1175 2129 1346 2184 pariter
1371 2129 1430 2170 ad
1451 2128 1636 2170 domum

78 2190 226 2231 sancti
257 2189 383 2231 Petri
414 2190 628 2231 introitus
662 2190 978 2244 denegaretur.
1031 2187 1165 2240 Quod
1194 2201 1273 2230 rex
1303 2187 1494 2229 moleste
1525 2187 1635 2228 acci-

78 2248 206 2303 piens
238 2248 286 2289 in
319 2262 558 2290 commune
591 2248 831 2290 consilium
865 2262 967 2290 cum
999 2248 1123 2289 omni
1161 2247 1364 2289 exercitu
1404 2246 1462 2287 ad
1499 2245 1636 2288 eccle-

79 2307 192 2348 siam
223 2307 347 2349 beati
368 2307 636 2349 Pancracii6
666 2307 892 2349 convenit.
944 2307 1055 2348 Post
1086 2306 1376 2348 solemnitate
1398 2304 1636 2346 missarum

80 2365 311 2407 celebrata
339 2379 420 2408 rex
451 2366 702 2408 exercitum
722 2366 1003 2408 unanimiter
1023 2364 1337 2419 interrogavit,
1371 2363 1481 2418 quid
1511 2363 1635 2404 facto

78 2438 191 2479 opus
223 2424 296 2466 sit·
361 2424 652 2466 Conveniunt
691 2438 860 2475 omnes,
903 2438 1007 2466 cum
1047 2423 1246 2465 lacrimis
1286 2423 1423 2464 fidem
1454 2421 1635 2476 promit-

77 2485 243 2533 tentes,
285 2483 619 2526 confessionem
659 2496 811 2525 coram
850 2482 1163 2525 sacerdotibus
1203 2481 1385 2536 puplice
1426 2482 1632 2534 agentes;

79 2542 253 2583 indicto
293 2542 431 2583 unius
471 2542 562 2583 diei
602 2542 773 2584 ieiunio
806 2542 927 2584 bello
959 2541 1119 2583 urbem
1151 2552 1410 2595 expugnare
1441 2539 1489 2579 in
1522 2552 1634 2580 com-

78 2613 216 2642 mune
248 2599 553 2642 acclamatum
583 2602 665 2642 est.

80 2715 109 2745 ι)
120 2717 312 2746 ,puagauatus
331 2714 356 2741 3.
428 2714 459 2745 b)
477 2714 551 2739 deese
571 2714 601 2738 in
619 2714 771 2745 codicibus,
792 2722 810 2738 a
829 2714 911 2739 nobis
928 2714 1096 2746 suppletum.

82 2808 118 2851 1)
139 2808 209 2842 Per
232 2808 386 2852 Papiam
409 2812 441 2842 et
465 2808 694 2843 Placentiam.
813 2808 850 2851 2)
873 2808 1056 2852 Apennini
1078 2807 1217 2841 montis.
1333 2805 1370 2848 3)
1397 2805 1507 2838 Torre
1526 2814 1636 2848 prope

82 2855 232 2890 Bercew.
317 2855 354 2899 4)
377 2855 476 2888 Isuni
495 2865 606 2899 prope
624 2855 847 2894 Carramm:
871 2856 916 2896 cf.
943 2854 1129 2888 Dammler
1153 2853 1226 2896 III,
1250 2864 1286 2897 p.
1303 2854 1386 2888 416.
1469 2852 1506 2895 5)
1528 2851 1636 2885 Eius-

81 2903 177 2935 modi
198 2902 338 2936 verbum
362 2902 596 2946 supplendum
620 2912 690 2936 esse
713 2903 787 2935 iam
812 2902 998 2935 Rehdantz
1026 2902 1065 2934 in
1089 2902 1244 2935 versione
1268 2899 1447 2933 thiudisca
1469 2899 1635 2942 cognovit.

83 2948 118 2991 6)
141 2949 231 2982 Ante
252 2954 394 2993 portam
419 2949 457 2984 S.
484 2949 673 2982 Pancratii
696 2953 800 2983 trane
828 2949 982 2982 Tiberim
1006 2949 1078 2982 sita
1101 2952 1161 2983 est.
1198 2947 1239 2982 P.
