2020 3358
474 304 711 341 AUCTORE
736 303 1016 341 EINHARDO.
1065 304 1113 341 A.
1131 306 1331 341 779—790.
1639 307 1682 342 ll

127 433 253 458 mensa
275 433 402 458 eormn
420 421 658 457 multitudine
682 421 884 458 interfecta.
1027 420 1169 456 Eodem
1194 432 1288 455 anno
1314 432 1379 456 rex
1397 420 1572 457 Fastrada
1579 434 1616 456 m
1624 429 1644 449 ⁸
1651 432 1660 440 ·
1671 422 1684 443 ¹

128 469 268 504 duxit
291 479 495 504 uxorem.

267 514 601 551 DCCLXXXIIH.
649 515 792 550 Gai-lus
805 514 826 542 b
860 515 1026 550 iunior
1055 526 1078 550 a
1107 516 1244 560 patre
1277 514 1324 549 in
1357 513 1570 549 Saxoniam
1601 527 1684 550 cum
1699 523 1832 550 mnam.

128 563 375 599 exercituo
406 563 551 597 missus
575 561 822 597 Westfalaosd
850 561 888 597 in
912 561 1077 607 proelioe
1107 561 1309 606 superavit
1334 564 1381 596 et
1405 561 1600 598 domuit.

267 609 554 646 DCCLXXXV.
593 609 680 644 Wid
689 609 812 644 ukind
822 608 839 636 f
860 608 958 644 Saxo
974 609 1139 644 Attiniae
1148 609 1162 643 i
1172 608 1186 628 ²
1210 608 1258 643 ad
1280 607 1391 643 fidem
1415 607 1522 642 Carli
1534 614 1558 641 8
1585 609 1686 643 vem‘t
1699 605 1734 632 A.
1745 604 1821 632 ⁸¹⁰²·
1831 608 1862 630 0‘

127 659 165 692 et
179 657 380 703 baptizatus
387 655 408 683 ¹¹
430 659 496 701 est,
521 659 558 692 et
575 655 734 691 Saxonis
755 659 834 691 tota
851 656 1012 692 subacta.
1060 655 1271 691 Coniuratio
1293 655 1523 690 orientalium
1533 654 1546 681 i
1572 654 1684 690 Fran·
1697 640 1734 668 A.
1742 640 1831 667 ΗΠ·

126 715 252 740 corum
260 731 270 750 ‚
311 715 404 748 quae
415 703 440 730 k
479 706 632 739 vocatur
666 703 747 738 Har
755 706 772 738 t
779 703 866 748 rati,
908 706 1035 738 contra
1075 713 1200 748 regem
1241 704 1368 737 exorta
1408 704 1446 736 et
1486 702 1558 737 cito
1599 713 1684 737 con-

125 762 249 797 pressa
267 754 574 833 leMS'JELXXXVI.
623 796 775 832 Oarlusb
803 809 829 842 p
838 808 859 832 e
867 808 888 832 r
895 796 909 816 ³
924 795 987 831 Au
995 799 1012 831 t
1020 796 1107 832 ulfu
1116 808 1154 830 m
1178 807 1216 831 se
1226 796 1368 831 nescale
1378 807 1402 830 ιι
1411 807 1449 830 ιιι
1460 795 1472 822 1
1498 796 1607 831 misso
1624 807 1684 831 ex·
1698 804 1738 832 ib.

126 845 242 880 ercitu
258 844 482 880 Brittonesm
499 844 640 879 domuit
664 847 702 880 et
724 845 819 890 ipse
843 855 922 889 per
938 843 1094 879 Italiam
1118 843 1250 879 rebus
1276 843 1496 878 ordinatis
1513 843 1685 878 orationis

126 915 234 939 causa
256 903 414 939 Romam
437 903 548 940 vadit.
691 902 783 938 Lull
793 914 814 938 o
839 894 1206 950 Mogontiacensi
1227 894 1438 949 episeopo
1470 901 1685 937 defuncto
1698 907 1830 937 A.Fu1d.
1839 912 1901 937 ant.

124 954 313 996 Richolf
332 954 528 996 successi
557 957 577 976 ¹¹
586 984 597 994 .
717 962 898 997 Auctores
915 961 1082 1007 conspira
1091 961 1161 996 tio
1172 961 1218 995 ni
1227 972 1243 995 s
1268 963 1396 995 contra
1411 971 1536 1006 regem
1552 961 1685 1006 partim
1699 968 1735 996 Δ.
1745 968 1901 996 Lanr.785.

125 1024 243 1056 morte
265 1021 399 1066 partim
433 1013 656 1055 caecillafie
665 1015 683 1036 ⁰
694 1027 701 1034 ·
713 1013 731 1037 4
762 1015 809 1055 4313
843 1020 951 1055 exilio
976 1019 1110 1055 damna
1118 1031 1143 1054 n
1151 1022 1168 1054 t
1177 1031 1201 1054 u
1210 1031 1240 1056 r.

266 1067 597 1104 DCCLXXXVII.
644 1067 815 1113 Eclipsis
837 1068 921 1102 solis
938 1067 1034 1102 facta
1051 1069 1106 1102 est
1121 1066 1206 1103 XV.
1223 1066 1307 1102 Kal.
1326 1066 1407 1120 Oct.
1527 1065 1679 1101 carlusb
1699 1062 1735 1123 2·
1746 1062 1862 1124 {¹3¹¹}ss

126 1126 208 1150 cum
227 1115 388 1150 exercitu
395 1121 413 1142 θ
435 1114 673 1150 Beneventau
680 1126 701 1150 o
710 1126 726 1150 s
739 1121 760 1149 Ρ
769 1127 776 1135 ·
786 1115 800 1134 ⁵
824 1115 871 1149 in
880 1127 905 1161 g
914 1126 933 1149 r
942 1125 962 1149 e
972 1126 988 1149 s
999 1126 1015 1149 s
1025 1126 1050 1148 u
1058 1125 1075 1149 s
1101 1113 1263 1159 Capuam
1279 1117 1397 1158 vemt3
1423 1113 1652 1150 Grimaldum
1660 1120 1680 1147 q
1727 1119 1735 1126 '
1826 1119 1833 1125 ·

125 1161 241 1197 filium
257 1162 403 1208 Aragisi
426 1161 526 1197 ducis
543 1162 885 1197 Beneventanorum
897 1168 913 1188 r
943 1162 982 1196 in
999 1161 1204 1196 obsidatum
1213 1167 1228 1188 ⁸
1261 1172 1283 1195 a
1293 1172 1312 1196 c
1323 1161 1430 1206 cepit.
1538 1160 1685 1196 Hmod-
1699 1168 1734 1196 A.
1745 1168 1820 1196 sith.

126 1208 335 1244 aaudiat-⁰
358 1208 433 1243 filia
456 1209 552 1254 regis
577 1221 598 1243 a
623 1208 860 1244 Constantino
884 1209 1105 1254 imperatore
1130 1208 1395 1253 desponsatur.

199 1303 207 1310 ι
267 1255 617 1310 ΒΟῼΒΧΧΧῩΠΙ.
655 1255 1190 1310 Tassilo'duxssaioafiorum
1208 1254 1442 1310 adOarlumu
1459 1255 1499 1290 in
1515 1255 1685 1309 palatio
1699 1250 1827 1311 {haur
1942 1260 1990 1299 Δ,

124 1301 412 1348 Ingnlenheunv
447 1314 594 1338 vemens
625 1303 792 1338 multis
821 1314 1056 1348 perlurlls
1088 1306 1134 1337 et
1162 1301 1470 1337 mfidehtatibus
1500 1304 1911 1353 convictusffium‘oeht)

125 1349 220 1394 depo
230 1361 256 1384 n
266 1349 278 1384 i
287 1352 304 1384 t
313 1361 338 1384 u
346 1361 376 1386 r.
519 1349 743 1385 Graecorum
751 1356 783 1376 W
808 1349 987 1385 exercitus
999 1356 1021 1376 1
1051 1360 1072 1384 a
1095 1349 1245 1384 Francis
1274 1351 1312 1384 et
1335 1348 1586 1395 Langobardis
1598 1356 1620 1383 Y
1649 1351 1687 1383 et
1698 1355 1910 1390 chr.L.111‚20.

124 1395 391 1431 Beneventanis
415 1396 554 1441 proelio
563 1403 580 1424 θ
611 1399 804 1442 superatur
813 1410 822 1439 ς
857 1396 1022 1431 similiter
1047 1398 1084 1431 et
1107 1396 1248 1431 Avares
1272 1395 1311 1430 in
1334 1407 1434 1430 marc
1444 1396 1470 1430 h
1479 1407 1500 1430 a
1510 1402 1526 1422 Ζ
1556 1395 1685 1430 Baioa-
1699 1391 1735 1419 A.
1745 1391 1821 1419 Sith-

125 1443 200 1478 riae
208 1449 228 1470 ¹¹
257 1446 366 1487 atque
389 1442 520 1478 Italiae
531 1442 551 1470 b
583 1455 605 1478 a
628 1444 724 1488 regis
749 1443 968 1478 exercitibus
991 1442 1079 1478 victi
1103 1446 1212 1487 atque
1236 1442 1353 1489 fugati
1377 1445 1472 1479 sunt.

265 1489 636 1526 DCCLXXXVHII.
662 1490 788 1525 Carlus
796 1496 813 1517 0
832 1501 899 1535 per
911 1489 1034 1525 Saxon
1041 1501 1061 1524 e
1069 1501 1085 1524 s
1102 1490 1137 1524 it
1144 1501 1163 1524 e
1170 1501 1190 1524 ι·
1205 1489 1248 1524 fa
1255 1502 1274 1525 c
1281 1490 1295 1524 i
1302 1501 1321 1524 e
1328 1502 1353 1524 ιι
1360 1502 1376 1524 s
1388 1490 1489 1525 venit
1502 1489 1549 1524 ad
1559 1489 1686 1524 Albim
1699 1497 1735 1525 A.
1745 1497 1834 1526 Laur.
1911 1493 1954 1542 ᾗ(

125 1536 286 1580 fluvium,
311 1537 336 1571 h
345 1548 367 1571 a
376 1537 400 1572 b
410 1548 431 1572 e
441 1549 465 1571 n
476 1548 492 1571 s
516 1537 555 1571 in
579 1536 769 1572 exercitud
799 1548 815 1571 s
825 1549 850 1571 u
860 1548 882 1571 o
907 1536 1026 1572 Franc
1037 1548 1059 1571 o
1070 1548 1104 1581 s,
1131 1536 1305 1582 Saxones,
1331 1536 1448 1572 Sorab
1459 1548 1480 1571 o
1491 1549 1507 1571 s
1532 1539 1570 1571 et
1585 1536 1686 1571 Abo—

125 1583 198 1618 drit
208 1595 229 1619 o
239 1596 255 1618 s
263 1590 280 1611 θ
289 1610 299 1628 ,
331 1595 486 1628 quorum
510 1584 679 1629 princeps
705 1595 724 1619 e
735 1596 754 1618 r
763 1595 785 1618 a
792 1586 809 1618 t
832 1584 990 1629 Witzan,
1015 1583 1066 1618 Fr
1073 1595 1093 1618 e
1101 1595 1205 1618 sones
1231 1595 1255 1628 q
1264 1596 1289 1618 u
1299 1595 1320 1618 o
1331 1595 1355 1628 q
1365 1596 1390 1618 u
1399 1595 1418 1619 e
1451 1595 1518 1629 per
1541 1583 1686 1618 Habola

123 1630 274 1665 fluvium
298 1631 442 1677 navigio
466 1631 733 1666 venientes.
783 1630 1043 1666 Constructis
1074 1630 1242 1666 duobus
1270 1631 1495 1676 pontibus,
1530 1642 1686 1675 quorum

125 1678 333 1713 alterum
358 1689 403 1713 ex
428 1680 599 1722 utraque
624 1681 763 1723 parte
789 1678 960 1713 castellis
984 1678 1210 1723 munivit,
1235 1678 1448 1713 transito
1473 1678 1684 1722 flumine,

125 1724 406 1769 sclavorumss,
443 1725 506 1770 qui
539 1728 716 1760 vocantur
747 1724 899 1768 Wilzif,
936 1728 1116 1760 terram
1153 1725 1352 1771 ingressus
1388 1725 1572 1772 magnis
1606 1737 1685 1760 eos
1699 1732 1821 1761 Asini.

124 1784 148 1817 p
158 1783 177 1806 r
186 1783 208 1807 o
219 1783 238 1807 e
249 1772 329 1806 liis
342 1778 364 1805 8
393 1772 535 1807 domuii'.
559 1783 601 1807 ac
626 1771 788 1808 dicionih
818 1783 904 1808 suae
928 1772 1145 1818 subiugavit.

265 1818 437 1855 DCGXG.
486 1819 559 1854 Hic
585 1831 699 1854 annus
725 1831 746 1854 a
770 1819 950 1854 bellorum
983 1820 1142 1854 motibus
1177 1819 1319 1864 quietus
1353 1819 1423 1854 fuit
1434 1834 1443 1864 ς
1478 1830 1587 1864 quem
1621 1831 1686 1855 rex
1699 1827 1739 1855 ib.

125 1866 222 1911 apud
246 1866 494 1902 Wormaciam
505 1866 516 1892 i
551 1867 736 1912 transegit.

124 1951 153 1979 a)
172 1948 343 1974 unstradam
361 1949 387 1976 3.
465 1949 495 1979 b)
514 1948 634 1974 karolus
655 1950 680 1976 1.
698 1949 725 1976 2.
797 1950 824 1979 c)
843 1949 975 1974 exertitu
993 1950 1019 1976 3.
1097 1948 1128 1979 d)
1148 1949 1288 1976 uuestfal.
1307 1956 1340 1974 os
1361 1956 1446 1974 erasa
1465 1957 1525 1974 una
1543 1950 1641 1974 littera
1661 1950 1685 1976 1.

125 1986 153 2014 e)
172 1985 266 2016 prelio
286 1986 310 2011 1.
382 1985 407 2015 f)
419 1983 595 2010 Vuidukind
614 1991 690 2012 corr.
703 1982 870 2010 vuidikind
890 1985 920 2018 13
942 1983 1092 2010 witukind
1111 1985 1136 2011 3.
1209 1987 1238 2016 g)
1258 1985 1355 2010 karoli
1376 1986 1400 2012 1.
1413 1985 1438 2012 2.
1511 1985 1542 2015 h)
1561 1985 1641 2012 babt.
1659 1985 1684 2011 3.

125 2020 146 2049 ἰ)
166 2019 375 2052 origenianam
394 2020 419 2047 3.
474 2019 505 2051 k)
524 2027 583 2052 que
603 2020 628 2047 3.
682 2020 704 2051 l)
722 2019 909 2045 sensealcum
927 2020 960 2052 33
981 2020 1055 2044 deest
1074 2021 1098 2046 1.
1112 2020 1137 2047 2.
1192 2021 1232 2050 m)
1251 2020 1383 2046 britones
1404 2021 1428 2047 1.
1441 2020 1466 2047 2.
1527 2022 1558 2051 ιι)
1576 2020 1685 2045 richol-

125 2055 172 2080 fus
192 2056 216 2082 1.
235 2055 268 2087 23
296 2054 402 2080 Riholf
421 2055 448 2082 3.
549 2056 579 2086 ο)
603 2055 731 2081 cecitate
751 2055 776 2083 1.
795 2055 820 2082 3.
922 2056 954 2087 p)
979 2055 1181 2081 beneventum
1202 2056 1227 2082 1.
1245 2055 1271 2082 2.
1373 2057 1403 2087 q)
1426 2055 1597 2087 grimaltum
1616 2057 1641 2082 1.
1659 2055 1685 2082 2.

125 2092 151 2120 r)
169 2090 404 2116 beneventorum
425 2091 448 2117 1.
529 2092 555 2121 s)
574 2088 754 2116 obsidiatum
775 2091 800 2117 l.
887 2092 910 2121 t)
929 2088 1145 2116 hruadthrudis
1166 2091 1198 2123 1;
1228 2089 1423 2116 ruadthrudis
1442 2091 1469 2118 2.
1549 2092 1580 2122 ιι)
1598 2090 1686 2116 karo-

126 2125 185 2150 lum
206 2127 230 2153 l.
243 2126 267 2152 2.
335 2127 366 2156 v)
384 2125 586 2157 lagelenheim
606 2126 637 2158 1;
657 2125 844 2158 ingilenhein
862 2125 896 2157 2;
916 2125 1099 2158 ingilenhem
1118 2126 1144 2152 3.
1206 2127 1246 2156 w)
1265 2125 1429 2152 Grecorum
1449 2127 1474 2154 1.
1486 2126 1513 2153 3.
1584 2128 1616 2156 x)
1635 2133 1686 2151 ex-

126 2160 232 2186 ertitus
252 2161 278 2188 3.
349 2162 380 2193 y)
399 2161 477 2192 long.
495 2161 521 2188 2.
593 2162 620 2191 z)
638 2161 760 2186 marcha
778 2161 803 2187 3.
881 2162 910 2192 a)
929 2161 1061 2186 baim-iae
1080 2161 1106 2188 2.
1178 2160 1208 2191 b)
1229 2161 1313 2187 italie
1331 2162 1357 2188 3.
1429 2163 1457 2192 c)
1476 2161 1596 2187 karolus
1617 2162 1641 2188 1.
1660 2162 1685 2188 2.

126 2194 157 2226 d)
176 2196 306 2256 gxertitu
327 2196 352 2223 3.
434 2199 462 2227 e)
480 2196 626 2222 abotritos
646 2197 670 2224 1.
752 2197 776 2226 f)
794 2195 890 2232 yvilzzi
908 2196 934 2224 3.
1014 2198 1043 2228 g)
1063 2196 1166 2234 preliis
1187 2198 1212 2224 1.
1294 2196 1326 2230 h)
1345 2195 1453 2222 ditioni
1472 2197 1497 2224 3.
1569 2197 1591 2228 i)
1609 2204 1686 2222 wor-

126 2238 173 2256 ma
200 2238 264 2256 cam
282 2232 308 2259 3.

129 2302 163 2343 1)
185 2300 389 2336 fastradane
415 2302 616 2335 Annalium
640 2301 755 2337 Laur.
784 2302 881 2337 codd.
902 2302 1086 2346 plerique,·
1116 2300 1330 2335 Fastradam
1355 2301 1686 2338 Laureshamenses.

127 2349 164 2391 2)
184 2349 296 2382 Verba
312 2347 500 2391 Attiniaci,
525 2350 614 2391 tota,
637 2350 765 2383 contra
780 2359 905 2394 regem
922 2359 966 2382 eoe
981 2350 1077 2384 Ann.
1094 2349 1221 2391 Laur„
1247 2353 1360 2383 cetera
1375 2359 1420 2383 επ
1436 2349 1528 2385 sith.
1545 2354 1686 2394 smnpta

129 2399 220 2431 sunt.
339 2396 376 2440 3)
398 2394 561 2430 Audulfo
586 2395 782 2430 sinescalco
815 2400 847 2430 et
879 2406 1005 2430 causas
1029 2394 1176 2430 Italicas
1201 2395 1417 2440 disponendi
1450 2397 1546 2432 Anu.
1570 2397 1686 2433 Laur.

128 2442 165 2484 4)
188 2441 360 2476 caecitate
385 2444 422 2476 et
454 2444 494 2476 in
517 2443 632 2478 Laur.
665 2443 814 2483 demna·
847 2443 999 2485 fortasse
1031 2444 1151 2477 omnia
1180 2444 1277 2477 Ama.
1310 2444 1455 2477 amissis
1487 2444 1685 2480 tribuenda.

129 2487 283 2522 Hartrat
307 2490 345 2523 et
369 2488 480 2523 ceteri
504 2489 698 2524 exiliantur
728 2490 835 2524 etiam
864 2491 905 2523 in
930 2491 1025 2525 Ann.
1051 2490 1160 2526 Fuzd.
1185 2495 1260 2526 ant.
1285 2491 1335 2524 ad
1358 2501 1392 2526 α.
1412 2491 1492 2526 785.
1517 2492 1685 2533 refertur.

129 2535 166 2578 5)
197 2533 316 2569 Roma
350 2534 510 2580 Capuam
544 2538 639 2574 Ann.
674 2537 778 2580 sith„
813 2536 977 2581 partibus
1011 2535 1277 2571 Beneventanis
1310 2537 1445 2578 Laur.,-
1477 2535 1686 2572 Grimoldus

129 2580 223 2616 filius
247 2581 294 2618 A.
321 2581 355 2618 d.
381 2581 423 2618 B.
450 2582 487 2616 in
512 2582 587 2619 obs.
612 2583 690 2629 regi
714 2582 820 2618 datus
845 2584 949 2627 sith„
976 2582 1092 2618 filium
1119 2611 1127 2620 .
1146 2612 1154 2619 .
1174 2611 1183 2620 .
1209 2582 1462 2618 Grimoaldum
1486 2584 1622 2625 Lama,-
1651 2587 1688 2619 et

130 2627 203 2663 filio
228 2628 383 2675 Aregiso
417 2628 502 2664 inde
536 2629 574 2663 in
599 2630 794 2675 ospitatum
819 2630 960 2675 accepit
991 2626 1253 2674 Fraymentum'
1271 2631 1512 2665 Chesnianum
1545 2632 1628 2675 (SS.
1654 2633 1685 2675 I,

123 2688 165 2766 {35
197 2677 420 2758 &affl
451 2679 538 2758 {3⁸2²ss
567 2678 968 2758 ²}.213¹'-‘'²‘2²‚{‘'u¹250„2}.²5'⁸
982 2679 1689 2768 amffiffiwfflsssff‘dssssgaffssss

129 2771 242 2805 verbis
265 2771 338 2804 acm·
361 2771 392 2807 I.
409 2771 583 2815 Beomys,
604 2771 658 2806 «Ζ.
676 2750 806 2804 imme
821 2771 951 2807 Karoz.
969 2736 1079 2807 Aff'
1099 2784 1138 2817 p.
1158 2773 1236 2808 118.
1258 2772 1433 2816 probavit.
1531 2774 1567 2817 7)
1591 2772 1633 2809 Τ.
1652 2773 1686 2809 d.

130 2815 316 2852 Baioariae
342 2817 526 2862 depositus
551 2819 646 2854 Ann.
664 2818 777 2859 Sith.,·
801 2818 900 2852 venit
926 2817 969 2854 Τ.
995 2818 1041 2852 ad
1067 2847 1075 2855 .
1103 2847 1110 2855 .
1138 2846 1146 2855 .
1173 2817 1342 2853 carolum
1367 2818 1405 2853 in
1429 2817 1687 2866 Iugulunhaim

130 2864 325 2906 Lauresh.,·
359 2864 406 2899 ad
438 2864 646 2900 iamdictam
677 2864 800 2899 villam
825 2863 1078 2910 Ingilenhaim,
1113 2865 1235 2910 ibique
1260 2865 1408 2901 veniens
1434 2865 1477 2902 Τ.
1502 2867 1687 2907 Lam-im„-

130 2911 315 2946 convictus
349 2912 483 2947 iterum
517 2911 562 2948 de
596 2911 809 2946 infidelitate
845 2912 930 2948 Chr.
956 2912 1070 2948 Laur.
1096 2913 1169 2955 III,
1200 2915 1257 2949 20.
1378 2913 1415 2958 8)
1437 2912 1563 2948 Carlus
1589 2913 1688 2949 Scla—

130 2968 203 3002 vos,
229 2958 292 3002 qui
308 2958 415 2994 Vulzi
440 2970 530 3004 voc„
556 2970 639 2994 cum
665 2969 798 3004 magno
825 2958 986 2994 exercitu
1012 2958 1111 3005 adgr.
1138 2959 1235 2996 dom.
1253 2970 1295 2995 ac
1312 2959 1347 2997 d.
1365 2971 1392 2997 s.
1416 2960 1508 2998 subi.
1533 2963 1578 2998 Α.
1595 2962 1688 2998 Sith.
