2020 3358
27 1110 77 1144 ⁸2.
85 1112 148 1140 400.

542 332 741 368 CONTDJ.
765 332 1033 371 RATISBON.
1081 334 1129 370 A.
1154 336 1236 371 883.
1261 337 1342 372 884.
1651 338 1717 374 111

162 454 221 495 de
262 454 485 496 comitatu
523 455 793 508 parentum⁸
839 466 1036 502 suorum,
1077 453 1151 495 vel
1183 467 1230 495 se
1262 454 1382 509 ipsos
1414 458 1522 498 ante
1552 456 1718 499 faciem

163 511 309 566 gladii
348 513 604 554 morituros.
674 511 777 553 Hoc
817 511 1126 566 experimento
1165 512 1291 554 Arbo
1331 526 1572 556 concussus
1613 516 1718 556 ami-

164 571 323 613 ciciam
364 570 468 612 iniit
508 583 613 612 cum
644 569 946 612 zuentibaldo
984 570 1099 612 duce
1130 570 1421 612 Maravorum
1459 573 1610 626 gentis
1651 573 1718 614 fir-

162 624 409 684 mataqueb
455 629 576 671 inter
618 628 723 670 illos
762 627 951 670 foedera
990 627 1137 669 filium
1176 628 1338 670 suuml
1376 629 1581 672 obsidem
1621 631 1719 673 fieri

162 701 256 729 non
294 687 509 729 tardavit.
582 686 680 729 Nec
719 686 870 728 minus
909 687 996 741 ipsi
1035 687 1259 742 praedicti
1304 688 1434 742 pueri
1474 688 1720 730 consulunt

162 746 383 800 quosdam
419 746 637 801 primores
668 744 936 787 Baiowarici
972 745 1123 800 gentis
1155 745 1423 801 collatisque
1455 747 1719 802 propinquis

162 817 216 846 ac
246 804 449 859 undique
481 804 622 859 copiis
651 803 816 845 fortior
835 816 998 845 manus
1028 804 1078 844 in
1108 804 1158 846 id
1187 806 1369 859 tempus
1399 805 1492 847 illis
1524 806 1719 848 adstabi-

160 865 260 913 tur;
303 863 517 905 comitem
547 875 574 904 a
603 874 710 916 rege
749 862 1052 904 constitutum
1090 863 1388 906 inhonorifice
1428 863 1719 919 expellebant

161 921 520 975 comitatumque
550 920 643 962 illis
664 921 714 962 in
734 934 868 962 usum
887 923 1237 975 usurpaverunt.
1289 921 1391 964 Hoc
1413 935 1520 976 ergo
1540 922 1719 964 factum

161 982 232 1022 est
277 982 381 1035 post
426 980 605 1022 obitum
649 979 775 1033 regis
810 978 1076 1021 Hluduwici
1115 982 1418 1035 natorumque
1459 981 1556 1023 eius
1598 980 1719 1023 Carl-

159 1039 317 1080 manni
339 1041 386 1081 et
406 1038 685 1087 Hluduwici‚
717 1051 910 1092 quorum
941 1050 1172 1080 successor
1200 1038 1347 1081 frater
1376 1039 1561 1080 illorum
1591 1040 1718 1081 mini·
1730 1054 1813 1084 (882).

160 1110 262 1139 mus
290 1094 366 1138 ‘in
386 1110 527 1151 regno
549 1096 718 1138 extitit.
766 1095 855 1147 Qui
876 1110 992 1146 mox,
1027 1099 1163 1151 prout
1194 1099 1331 1140 antea
1350 1098 1515 1147 tenuit,
1542 1098 1718 1140 Arboni

160 1155 446 1210 praedictum
477 1155 747 1197 comitatum
775 1155 999 1204 reddidit;
1037 1155 1117 1197 sed
1146 1157 1305 1197 tamen
1335 1168 1390 1198 ex
1419 1156 1506 1197 hac
1536 1169 1585 1198 re
1618 1170 1718 1198 con-

159 1215 300 1264 texta,
332 1216 387 1255 ut
407 1213 726 1268 praediximus,
760 1213 1086 1255 detrimentum
1108 1213 1395 1256 Pannoniam
1419 1214 1589 1257 sentire
1610 1215 1718 1256 IIII

160 1272 395 1315 versiculis
426 1285 558 1327 prose
589 1271 849 1313 intertextis
881 1272 939 1313 ad
970 1272 1245 1314 suavitatem
1276 1272 1483 1327 legentis,
1519 1286 1718 1327 quonam

160 1331 296 1373 modo
327 1331 414 1372 hoc
445 1331 588 1380 fieret,
620 1330 894 1385 pandemus:

373 1388 519 1432 Omne
550 1388 663 1430 dicit
695 1388 823 1430 Iesus
855 1388 953 1430 fieri
983 1402 1077 1430 non
1107 1388 1274 1431 stabile
1303 1402 1496 1443 regnum
1732 1403 1856 1435 numu,
1870 1405 1912 1432 ιτ.

372 1447 430 1488 In
462 1460 509 1489 se
541 1447 779 1488 dividuum
810 1449 857 1488 et
886 1446 954 1488 nil
986 1446 1273 1489 dissociabile
1304 1447 1506 1497 firmum;

371 1505 495 1547 Hinc
527 1505 673 1555 dolus,
707 1505 912 1546 anxietas
942 1505 1042 1555 tibi,
1074 1504 1402 1547 formosissima
1431 1505 1584 1556 tellus,

370 1563 494 1605 Hinc
525 1563 656 1605 labor
686 1563 900 1613 exoritur,
933 1563 1165 1617 quondam
1196 1563 1434 1606 Pannonia
1462 1564 1588 1606 felix.

299 1621 451 1676 Igitur
472 1622 632 1664 eodem
653 1635 787 1672 anno,
820 1634 909 1676 quo
930 1621 1002 1663 illi
1022 1622 1152 1677 pueri
1183 1622 1468 1677 praedictum
1490 1623 1714 1674 comitem,

154 1681 206 1722 id
237 1682 307 1723 est
338 1680 583 1731 Arbonem,
625 1693 653 1722 a
681 1692 790 1734 rege
822 1681 1242 1722 commendatorum
1274 1683 1476 1723 exortem
1513 1682 1611 1724 fieri
1642 1683 1717 1724 ho-

157 1752 321 1781 norum
358 1739 733 1795 impetraverunt,
775 1738 1115 1781 Zwentibaldus
1155 1740 1246 1781 dux
1282 1739 1585 1791 Maravorum,
1627 1741 1717 1796 ple-

157 1811 269 1839 num
309 1798 404 1839 doli
444 1800 492 1839 et
532 1798 730 1839 astutiae
771 1797 1026 1848 cerebrum,
1067 1811 1162 1839 non
1201 1798 1424 1840 inmemor
1464 1799 1714 1853 utriusque,

155 1858 331 1911 quanta
362 1856 420 1898 ab
452 1855 814 1899 antecessoribus
844 1856 1036 1898 istorum
1066 1869 1310 1911 puerorum
1335 1870 1439 1898 cum
1459 1859 1598 1911 gente
1619 1871 1713 1908 sua,

155 1927 300 1969 usque
332 1916 442 1956 dum
473 1915 533 1956 ad
562 1915 666 1956 illos
696 1914 944 1956 terminum
965 1914 1318 1956 Baiowariorum
1342 1916 1712 1970 praetenderunt,

157 1987 316 2028 passus
348 1974 408 2015 sit
439 1973 572 2023 mala,
605 1974 791 2028 insuper
821 1973 962 2015 etiam
992 1973 1193 2015 amicitie
1225 1986 1277 2015 ac
1307 1973 1565 2024 iuramenti,
1598 1988 1714 2028 quae

158 2045 264 2074 cum
284 2032 469 2074 Arbone
499 2032 606 2073 iniit
636 2031 914 2086 pepigitque,
947 2032 1007 2073 ad
1037 2032 1125 2073 hoc
1151 2032 1715 2087 vindicare.proficiscitur

155 2093 206 2132 et
245 2091 452 2145 perfecit.
513 2090 634 2132 Nam
673 2090 730 2132 de
770 2090 1119 2145 septentrionali
1159 2092 1288 2145 parte
1324 2090 1474 2133 Histri
1513 2091 1714 2134 fluminis

157 2150 444 2204 apprehenso
480 2148 772 2191 Werinhario
818 2149 875 2191 de
921 2149 1073 2204 pueris
1119 2148 1448 2203 Engilscalchi‚
1497 2150 1575 2204 qui
1619 2153 1713 2193 tres

155 2207 334 2258 habuit,
367 2208 596 2258 mediocri,
620 2206 870 2249 Vezzilloni
891 2220 1070 2262 quoque
1092 2208 1260 2257 comiti,
1293 2207 1372 2262 qui
1401 2207 1586 2250 illorum
1617 2223 1713 2264 pro-

154 2266 354 2320 pinquus
386 2269 497 2316 erat,
530 2266 765 2308 dexteram
789 2279 978 2308 manum
999 2279 1103 2308 cum
1123 2265 1293 2320 lingwa
1314 2268 1362 2308 et
1380 2287 1440 2295 —
1459 2269 1714 2309 monstrum

152 2324 304 2366 simile
326 2346 382 2352 —
403 2325 604 2368 verenda
633 2324 707 2366 vel
738 2324 972 2379 genitalia,
1004 2327 1059 2366 ut
1089 2337 1174 2367 nec
1205 2325 1442 2379 signaculo
1464 2326 1712 2368 desistente

154 2382 470 2433 absciderunt;
511 2383 719 2425 homines
758 2396 865 2426 vero
904 2383 1090 2425 illorum
1129 2383 1379 2437 quosdam²
1418 2384 1515 2426 sine
1553 2385 1713 2427 dextra

155 2441 348 2495 levaque
386 2442 555 2484 reversi
594 2444 716 2484 sunt.
778 2441 1017 2484 Exercitus
1056 2442 1233 2484 scilicet
1271 2442 1398 2483 iussu
1438 2443 1565 2485 ducis
1606 2443 1712 2498 igne

155 2500 367 2542 devastat
391 2500 564 2550 omnia;
596 2501 783 2555 insuper
801 2500 926 2542 ultra
947 2501 1213 2543 Danubium
1243 2500 1391 2542 missis
1422 2501 1712 2556 speculatori-

155 2558 287 2607 bus⁰‚
319 2558 593 2612 ubicumque
625 2559 877 2614 proprietas
908 2559 982 2602 vel
1013 2559 1273 2601 substantia
1299 2560 1636 2613 praedictorum
1659 2561 1711 2601 fit

155 2629 412 2671 puerorum,
445 2617 542 2671 igni
572 2618 746 2659 tradita
776 2617 873 2660 sine
904 2631 1031 2660 mora
1061 2621 1143 2660 est.

154 2732 185 2760 a)
204 2735 395 2762 parentorum
415 2731 440 2757 3.
513 2731 543 2760 b)
563 2730 705 2763 firmaque
724 2732 750 2758 3.
823 2731 851 2764 c)
868 2731 1100 2764 spiculatoribus
1119 2733 1145 2759 3.

157 2811 192 2854 1)
214 2812 438 2853 Isanm’cum
471 2814 517 2854 ct‘.
542 2823 576 2846 a.
602 2814 683 2849 898.
816 2814 853 2855 2)
876 2814 1105 2847 Accusatirvw
1125 2824 1194 2857 pro
1218 2814 1454 2853 nmnivmtirm·
1487 2814 1533 2856 cf.
1558 2825 1593 2849 α.
1618 2815 1707 2850 886:

155 2859 198 2892 ut
222 2885 232 2894 .
257 2885 266 2894 .
292 2885 301 2895 .
327 2859 413 2893 alias
441 2859 543 2894 sedes
568 2858 855 2894 concederentur
878 2865 909 2893 et
934 2862 974 2893 ut
1000 2859 1154 2894 flexuras
1180 2887 1188 2896 .
1215 2887 1224 2896 .
1251 2885 1260 2894 .
1285 2860 1384 2895 nullo
1410 2859 1518 2895 modo
1553 2860 1709 2905 prospici

154 2905 325 2948 poterint,
359 2918 393 2940 a.
419 2908 507 2942 890:
543 2917 652 2950 quem
688 2932 695 2940 .
724 2934 731 2942 .
760 2934 767 2942 .
802 2906 1015 2951 appellatur,
1050 2919 1084 2943 a.
1109 2907 1199 2943 891:
1235 2910 1274 2941 ut
1307 2934 1315 2943 .
1342 2934 1350 2943 .
1377 2934 1385 2943 .
1417 2907 1559 2942 alveum
1595 2908 1709 2942 amuis

79 2995 83 2998 q
149 2950 290 2986 siccum
315 2956 516 2997 appareret.
