2020 3358
303 295 352 330 so
673 293 793 331 ANN.
816 293 963 330 FULD.
987 293 1120 330 PARs
1145 294 1218 331 m.
1241 293 1493 340 (Moeosr.)

304 413 463 455 volatu
502 412 722 456 horribile
763 414 1053 456 cernentibus
1093 414 1370 469 praebuere⁸
1415 414 1741 470 spectaculum.
1803 415 1861 456 In

306 471 447 513 Italia
486 472 535 513 in
574 485 693 527 pago
725 471 950 514 Brixiensi
964 472 980 497 ¹
1014 472 1164 514 tribus
1201 473 1362 515 diebus
1394 476 1441 516 et
1470 473 1617 515 tribus
1649 472 1862 514 noctibus

307 530 492 585 sanguis
523 531 579 572 de
611 526 764 572 caelob
801 530 971 585 pluisse
1001 533 1227 572 narratur.

227 604 294 631 nm.
447 588 606 631 Mense
637 588 798 630 Iunio⁰
836 585 1151 630 Hruodolfusd
1195 589 1381 643 quidam
1417 589 1766 632 Nordmannus⁰
1804 590 1862 631 de

305 647 432 702 regio
463 660 642 701 genere,
675 647 753 700 qui
773 659 965 700 regnum
987 646 1147 688 Karoli
1178 648 1358 702 praedis
1390 651 1438 690 et
1467 648 1690 690 incendiis
1712 660 1862 702 saepe-

305 701 524 747 numerof
558 706 829 754 vastaverat,
872 704 1062 746 classem
1099 706 1231 747 duxit
1267 706 1316 746 in
1345 719 1538 760 regnum
1568 706 1859 748 Hludowiciss

305 764 438 818 regis,
480 764 529 804 in
570 757 866 805 comitatumh
901 763 1117 806 videlicet
1147 760 1434 818 Albdagiigz
1475 765 1711 818 missisque
1750 778 1863 805 nun-

306 818 412 864 tiisk
447 817 703 877 praecepit¹
734 821 1016 864 habitatores
1048 821 1137 864 loci
1168 822 1293 864 illius
1324 822 1502 865 tributa
1532 822 1619 865 sibi
1651 823 1862 878 pendere.

309 879 398 931 Qui
430 894 534 922 cum
563 880 904 935 respondissent
939 893 986 922 se
1016 894 1110 922 non
1141 881 1306 923 debere
1344 881 1522 923 tributa
1561 881 1734 923 solvere
1772 881 1863 922 nisi

307 938 610 981 Hludowicoss
643 939 740 993 regi
772 939 957 992 eiusque
987 939 1094 980 filiis
1126 942 1173 982 et
1204 953 1252 982 se
1282 953 1571 994 nequaquam
1601 940 1650 981 in
1670 940 1758 981 hoc
1788 952 1863 981 ne-

307 998 473 1051 gotiom
504 998 546 1039 ei
568 1010 801 1039 assensum
822 1010 918 1039 esse
939 997 1270 1052 praebiturosa,
1303 998 1383 1040 ille
1404 999 1698 1041 vehementer
1718 998 1862 1039 iratus

306 1056 475 1097 iuravit
514 1059 651 1110 praen
687 1055 899 1110 superbia
929 1069 976 1097 se
1008 1056 1184 1097 cunctis
1222 1057 1423 1099 maribus
1460 1057 1619 1099 occisis
1649 1056 1862 1098 mulieres

307 1119 356 1155 et
401 1114 614 1168 parvulos
660 1127 764 1155 cum
809 1114 933 1155 omni
979 1114 1238 1156 substantia
1283 1112 1468 1168 (eorum)
1517 1111 1726 1169 [illorum]
1743 1117 1761 1139 ⁰
1811 1115 1863 1155 in

309 1173 625 1227 captivitatem
665 1185 761 1214 esse
802 1173 1060 1222 ducturum,
1101 1173 1288 1226 ignarus
1319 1174 1562 1224 vindictae,
1604 1186 1720 1227 quae
1757 1186 1863 1215 eum

308 1231 365 1272 de
397 1231 522 1273 caelo
554 1233 652 1272 erat
684 1233 908 1272 secutura.
971 1230 1227 1285 Statimque
1266 1233 1436 1273 terram
1475 1232 1661 1273 illorum
1695 1232 1863 1286 ingres-

308 1289 400 1331 *sus
431 1289 602 1331 bellum
637 1290 850 1331 adversus
882 1302 957 1331 eos
988 1289 1274 1331 instauravit.
1337 1290 1417 1331 Illi
1439 1293 1593 1332 autem
1614 1290 1863 1332 Dominum
1875 1305 1922 1337 q».
1939 1320 1958 1325 ,-

307 1349 584 1397 invocantes,
618 1348 696 1402 qui
728 1361 803 1389 eos
835 1348 1041 1402 saepiusl'
1078 1345 1381 1402 (liberaverat)
1413 1349 1470 1390 ab
1498 1348 1708 1390 hostibus
1742 1345 1862 1402 [libe-

306 1403 547 1459 raverat]‘1,
579 1407 702 1448 hosti
731 1406 1027 1448 infestissimo
1050 1407 1213 1448 armati
1235 1410 1541 1458 occurrerunt,
1566 1409 1862 1461 consertoque

307 1465 508 1521 proelior
544 1465 640 1520 ipse
670 1465 953 1506 Ruodolfus⁸
993 1466 1159 1507 cecidit
1189 1466 1362 1520 primus
1402 1469 1449 1507 et
1490 1480 1592 1508 cum
1631 1479 1684 1507 eo
1721 1466 1862 1508 octin-

308 1524 436 1579 genti
467 1524 573 1574 viri3
617 1524 756 1565 ceteri
786 1537 904 1574 vero,
944 1537 1048 1565 cum
1080 1525 1139 1565 ad
1168 1537 1306 1566 naves
1338 1524 1540 1579 effugere
1570 1538 1665 1566 non
1694 1524 1862 1579 potuis—

307 1585 422 1633 sent,
455 1583 504 1623 in
535 1583 733 1637 quodam
757 1579 988 1624 aedificiot
1028 1595 1075 1624 se
1106 1583 1248 1624 tutati
1279 1585 1399 1624 sunt.
1448 1582 1580 1634 Quod
1602 1583 1857 1624 Frisionesu

307 1642 567 1684 obsidentes
609 1641 905 1683 conferebant
946 1641 1004 1682 ad
1035 1641 1242 1690 invicem,
1284 1642 1395 1695 quid
1427 1642 1482 1683 de
1514 1642 1578 1683 eis
1609 1641 1759 1683 facere
1791 1642 1863 1683 de-

306 1700 533 1749 buissent;
568 1713 760 1753 cumque
793 1700 957 1741 diversi
989 1699 1167 1741 diversa
1197 1700 1429 1750 dixissent,
1462 1713 1581 1742 unus
1611 1699 1864 1741 Nordman-

306 1763 437 1809 nusv,
480 1759 559 1812 qui
599 1758 874 1800 christianus
915 1757 1106 1800 effectus
1146 1758 1284 1812 longo
1321 1761 1526 1813 tempore
1558 1772 1661 1800 cum
1692 1758 1864 1800 eisdem

307 1816 590 1859 Frisionibus
603 1820 624 1840 ¹¹
670 1818 962 1858 conversatus
1009 1818 1078 1858 est
1124 1819 1171 1858 et
1215 1817 1418 1859 eiusdem
1463 1817 1724 1859 certaminis
1770 1817 1865 1858 dux

307 1878 417 1926 erat,
453 1878 625 1917 ceteros
646 1875 733 1916 hoc
754 1876 888 1916 modo
912 1874 1079 1916 affatus
1102 1877 1228 1917 esth
1264 1874 1316 1917 ‘O
1343 1875 1452 1917 boni
1484 1875 1861 1925 commilitones¹,

307 1934 481 1976 sufficit
510 1929 677 1976 nobisy
713 1934 804 1975 huc
834 1946 977 1987 usque
1008 1947 1246 1988 pugnasse,
1290 1935 1408 1988 quia,
1450 1934 1571 1988 quod
1607 1934 1743 1975 modo
1779 1946 1864 1975 nos

307 1994 441 2048 pauci
483 1995 643 2034 contra
682 1992 901 2047 plurimos
941 1992 1302 2047 praevaluimusz
1348 1993 1520 2043 hostes,
1562 2006 1656 2034 non
1693 1991 1864 2033 nostris

308 2053 624 2107 deputandum
665 2054 734 2092 est
773 2051 963 2100 viribus,
1011 2051 1091 2093 sed
1131 2051 1219 2093 Dei
1266 2052 1454 2105 gratiae.
1527 2051 1662 2092 Scitis
1709 2050 1861 2101 etiam,

308 2111 429 2164 quod
470 2110 636 2164 oppido
677 2109 785 2151 lassi
822 2123 976 2151 sumus
1009 2112 1055 2152 et
1086 2110 1271 2164 plurimi
1301 2112 1509 2151 nostrum
1540 2109 1740 2163 graviter
1770 2108 1866 2150 vul-

306 2169 477 2218 nerati;
517 2169 595 2209 isti
627 2170 793 2218 autem,
826 2168 904 2221 qui
936 2169 1011 2209 hic
1042 2169 1168 2210 intus
1199 2168 1401 2218 latitant,
1435 2169 1483 2209 in
1515 2168 1857 2222 desperatione⁸

307 2227 444 2282 positi
485 2229 605 2268 sunt.
669 2226 717 2267 Si
755 2228 914 2267 contra
945 2226 1019 2268 eos
1051 2239 1255 2281 pugnare
1288 2222 1611 2281 coeperimusb,
1653 2239 1746 2267 non
1786 2238 1865 2267 eos

308 2286 405 2328 sine
448 2287 638 2327 cruenta
668 2284 1000 2326 obtinebimuse
1039 2285 1250 2334 victoria;
1293 2285 1331 2326 si
1363 2287 1518 2326 autem
1548 2284 1619 2325 illi
1649 2284 1863 2326 fortiores

309 2344 557 2394 extiterint,
600 2365 656 2370 —
696 2343 848 2384 varius
889 2343 1010 2385 enim
1051 2345 1239 2384 eventus
1272 2345 1341 2385 est
1372 2343 1546 2397 proelii,
1579 2365 1634 2370 —
1666 2342 1864 2384 forsitan

306 2402 438 2444 nobis
479 2402 750 2457 expugnatis
790 2402 936 2443 securi
977 2398 1241 2443 discedentd
1277 2402 1445 2443 iterum
1475 2401 1687 2443 nocituri.
1750 2400 1864 2443 Con-

308 2461 475 2503 sultius
507 2474 613 2515 ergo
634 2461 748 2501 mihi
769 2460 995 2509 videture,
1028 2462 1082 2501 ut
1113 2459 1291 2502 obsides
1324 2460 1380 2501 ab
1413 2460 1477 2502 eis
1509 2460 1784 2514 accipiamus
1815 2461 1864 2501 et

308 2577 336 2606 a)
355 2575 438 2607 preb.
458 2576 483 2602 1.
547 2574 578 2608 b)
596 2574 660 2600 celo
679 2575 704 2601 1.
759 2575 786 2604 6)
806 2574 881 2599 iunii
900 2574 925 2601 2.
986 2572 1017 2604 d)
1035 2572 1188 2599 ruodolfus
1207 2574 1246 2601 δε,
1258 2580 1284 2605 ε;
1304 2572 1481 2599 hruodulfus
1501 2574 1546 2601 3d.
1564 2574 1597 2601 F.
1652 2575 1679 2604 e)
1698 2575 1805 2601 nol-tm.
1821 2573 1865 2600 3⁶.

307 2611 332 2642 f)
352 2617 452 2642 sepeu.
474 2612 498 2637 1.
578 2609 609 2642 g)
627 2608 735 2636 ludow.
754 2610 794 2636 3e.
872 2609 902 2640 h)
924 2609 1124 2634 commit-atum
1144 2610 1169 2636 2.
1246 2608 1268 2642 i)
1286 2616 1312 2636 a.
1332 2609 1410 2640 regis
1429 2610 1537 2636 30.d.e.
1556 2609 1595 2642 F;
1623 2607 1750 2640 abbdagi
1769 2615 1792 2635 r.
1810 2608 1862 2639 8113

309 2644 425 2677 Abdagi
445 2652 468 2672 r.
486 2646 519 2672 F.
584 2644 616 2678 k)
634 2644 751 2670 nunciis
770 2645 879 2672 30.d.e.
943 2644 963 2675 l)
983 2651 1063 2676 pree.
1077 2645 1100 2671 l.
1164 2645 1204 2675 m)
1223 2644 1346 2675 negocio
1366 2646 1390 2671 1.
1453 2645 1484 2674 u)
1503 2650 1557 2676 pre
1576 2645 1600 2670 1.
1663 2645 1692 2674 o)
1711 2650 1811 2668 eorum
1832 2644 1861 2674 ις

309 2681 426 2706 illorum
446 2681 470 2708 2.
490 2681 599 2707 Sacae.
618 2681 651 2707 F.
735 2681 767 2712 p)
786 2680 885 2711 sepius
906 2680 931 2706 1.
949 2680 994 2706 311.
1085 2680 1115 2711 q)
1133 2679 1185 2707 lib.
1203 2679 1240 2705 ab
1261 2680 1335 2706 host.
1356 2681 1386 2713 1;
1415 2679 1452 2704 ab
1471 2679 1547 2705 host.
1566 2679 1748 2704 liberaverat
1766 2678 1796 2709 2:
1822 2678 1863 2703 ab

309 2716 337 2743 h.
357 2716 498 2741 liberavit
516 2716 624 2742 geuthe.
644 2715 676 2742 F.
749 2717 775 2746 r)
797 2715 969 2746 insertoque
988 2714 1082 2746 prelio
1103 2715 1127 2741 1.
1199 2716 1224 2745 s)
1244 2721 1297 2739 ruo
1317 2715 1347 2739 δη
1365 2721 1474 2739 rasura
1493 2715 1522 2744 1:
1547 2711 1702 2738 lii-udolfus
1721 2713 1751 2744 23
1772 2713 1862 2738 hruo-

309 2750 408 2776 dulfus
428 2752 472 2777 δᾶ.
532 2750 554 2783 t)
573 2749 688 2787 edifitio
709 2751 734 2777 1.
788 2751 818 2781 u)
838 2750 939 2777 frison.
955 2751 978 2776 1.
1032 2751 1063 2780 v)
1082 2753 1276 2775 nortmannus
1296 2750 1336 2777 30.
1390 2749 1430 2782 w)
1447 2749 1521 2773 deest
1542 2750 1566 2776 1.
1586 2749 1618 2775 F.
1672 2749 1704 2778 x)
1722 2755 1816 2775 coum.
1835 2748 1862 2775 2.

309 2787 340 2819 y)
359 2786 443 2811 vobis
463 2786 572 2813 30.‹1.e.
654 2787 680 2815 z)
699 2792 782 2817 prev.
802 2786 826 2812 1.
907 2784 937 2818 a)
956 2783 1194 2817 desperationem
1213 2785 1253 2811 30.
1263 2785 1290 2811 d.
1301 2791 1323 2811 e.
1404 2784 1434 2815 b)
1453 2784 1618 2816 ceperimus
1638 2783 1662 2810 1.
1738 2785 1765 2814 6)
1784 2783 1866 2815 opti-

310 2821 444 2846 nebimus
465 2822 489 2848 2.
508 2821 553 2848 ad.
626 2819 657 2852 d)
676 2819 835 2846 discedunt
853 2820 962 2848 3c.d.e.
1035 2822 1063 2852 e)
1082 2818 1142 2848 vid.
1161 2820 1234 2845 mihi
1253 2820 1362 2847 Sc.d.e.

311 2914 345 2958 1)
368 2914 524 2950 Brescia.
621 2914 657 2957 2)
680 2914 725 2947 In
745 2924 840 2961 pago
863 2914 1008 2951 Fri-siae
1034 2913 1177 2956 Oeta-90
1201 2914 1330 2953 sicma,-
1355 2911 1541 2945 Dt‘c‘mmler
1564 2911 1616 2955 II,
1638 2923 1677 2955 p.
1703 2912 1782 2946 366.
