2020 3358
299 330 368 365 118
754 325 1034 363 ANNALIUM
1056 325 1388 363 FULDENSIUM

297 447 499 502 inopiam
542 447 729 502 frugum
775 459 879 489 cum
922 447 1104 489 miseria
1148 447 1400 502 patiuntur.
1469 446 1559 489 Sed
1597 447 1720 489 inter
1759 447 1850 490 alia

298 505 550 548 execrabile
588 505 847 561 prodigium
876 505 928 547 in
956 506 1142 559 regione
1171 505 1538 559 'slim-iugorum·
1579 506 1726 547 visum
1766 508 1847 548 est.

297 563 506 619 Namque
536 577 562 606 e
593 564 690 606 celo
721 577 851 618 aqua,
881 577 977 605 non
1006 565 1061 605 ut
1091 563 1209 605 solet
1239 563 1397 618 pluvia
1426 563 1639 605 stillatim
1670 564 1850 606 descen-

298 623 417 673 dere,
458 623 538 664 sed
574 621 876 665 coacervatim
912 621 1041 675 quasi
1072 621 1220 663 fluens
1249 623 1429 663 torrens
1457 622 1604 671 irruit,
1645 635 1727 677 per
1755 625 1849 664 tres

295 680 430 723 villas
460 693 554 722 uno
583 680 803 722 momenti
832 680 930 721 ictu
961 679 1128 721 evulsis
1159 679 1389 730 aedificiis,
1419 682 1493 721 ter
1514 682 1700 722 centum
1721 681 1849 722 cada·

296 752 404 781 vera
432 740 716 780 mortuorum
744 737 1002 793 inpulsione
1034 751 1255 792 aquarum
1286 751 1444 792 campo
1470 738 1649 780 deiecta
1669 738 1850 793 collige-

297 796 479 839 bantur.

215 870 285 898 mai.
437 854 647 897 Exeunte
681 867 835 897 mense
865 854 1021 896 Madio
1050 867 1131 897 rex
1161 854 1284 909 apud
1313 853 1484 903 villam,
1525 867 1642 908 quae
1682 855 1851 896 dicitur
1913 877 1920 883 -
1951 855 1958 870 ’·

297 913 584 963 Forahheim‚
625 913 838 968 generale
878 915 1153 955 conventum
1190 912 1376 963 habuit;
1418 912 1574 967 ibique
1611 913 1849 968 disputans

297 972 353 1014 de
384 973 510 1013 statu
538 972 669 1026 regni
690 972 760 1013 sui
782 971 1043 1013 consultum
1064 973 1146 1022 est,
1178 973 1234 1012 ut
1253 971 1413 1013 eodem
1442 973 1602 1013 tenore
1631 972 1849 1026 primores

296 1030 575 1071 Francorum
613 1032 750 1084 prout
790 1029 990 1071 Baioarii
1029 1030 1287 1072 iuramento
1328 1029 1662 1080 confirmarent,
1703 1043 1762 1072 ne
1801 1043 1849 1072 se

297 1088 592 1130 detraherent
612 1101 640 1129 a
659 1088 920 1143 principatu
945 1087 1020 1129 vel
1052 1088 1291 1129 dominatu
1311 1087 1510 1129 filiorum
1531 1089 1640 1138 eius,
1663 1088 1849 1130 Zvventi-

295 1146 455 1188 bulchi
485 1146 669 1200 quidem
700 1147 747 1188 et
772 1145 973 1196 Ratoffli,
1007 1146 1086 1199 qui
1117 1146 1159 1188 ei
1191 1146 1248 1188 de
1279 1146 1544 1187 concubinis
1575 1149 1708 1188 erant
1735 1147 1849 1188 nati.

187 1220 284 1251 (ιω).
298 1203 431 1256 Quod
470 1204 656 1258 quidam
695 1204 974 1246 Francorum
1014 1205 1072 1246 ad
1110 1206 1291 1259 tempus
1330 1206 1620 1255 rennuentes,
1661 1205 1851 1247 tandem

294 1263 419 1317 regie
451 1263 784 1305 satisfacientes
805 1262 1036 1304 voluntati
1062 1263 1270 1304 dextram
1301 1263 1409 1304 dare
1439 1276 1533 1304 non
1562 1263 1848 1313 recusabant,

295 1334 349 1363 eo
387 1324 546 1363 tamen
583 1322 732 1371 modo,
773 1323 827 1362 ut
867 1321 906 1363 si
937 1321 994 1363 de
1025 1321 1165 1375 legali
1204 1334 1287 1363 sua
1325 1333 1464 1363 uxore
1503 1322 1636 1363 heres
1676 1322 1718 1363 ei
1756 1334 1850 1363 non

295 1380 635 1435 produceretur.
697 1379 1061 1422 Advenientibus
1101 1379 1241 1421 etiam
1271 1379 1444 1421 ibidem
1473 1380 1677 1434 undique
1706 1379 1850 1422 natio-

295 1452 406 1479 num
445 1438 623 1492 legatis,
664 1438 708 1479 N
710 1439 1065 1480 ordmannorum
1102 1438 1278 1480 scilicet
1316 1438 1373 1479 ab
1410 1438 1636 1492 aquilone,
1674 1438 1851 1480 Sclava·

294 1510 470 1547 norum,
511 1497 702 1552 pacifica
741 1498 974 1552 optantes;
1017 1510 1128 1551 quos
1167 1510 1247 1538 rex
1287 1497 1465 1538 audivit
1504 1499 1551 1539 et
1591 1497 1689 1539 sine
1725 1510 1852 1539 mora

297 1554 506 1597 absolvit.
568 1555 684 1597 [nde
729 1556 886 1609 itaque
932 1556 1134 1597 edictum
1180 1557 1249 1597 est
1294 1555 1343 1596 in
1389 1555 1639 1597 exercitum
1682 1555 1750 1597 ire
1793 1555 1852 1597 ad

196 1612 563 1664 (1u1.),Obodritos;
605 1614 687 1655 sed
725 1616 864 1656 antea
901 1613 1125 1669 placitum
1165 1615 1293 1656 curte
1329 1614 1456 1668 regia
1486 1613 1852 1655 Franoonofurt1
1964 1663 1965 1666 Ἴ

296 1672 457 1714 haberi
488 1685 592 1714 cum
613 1672 800 1714 Francis
825 1673 924 1727 regi
946 1672 1221 1727 conplacuit.
1262 1667 1566 1714 *Perventum
1594 1672 1737 1726 igitur
1768 1675 1849 1722 est,
1865 1685 1880 1700 ⁸
1902 1706 1909 1713 .
1935 1692 1946 1708 .·

169 1743 284 1776 (Sept).
296 1731 432 1772 sicuti
472 1733 610 1773 antea
649 1731 920 1786 dispositum
960 1733 1077 1781 erat,
1126 1732 1184 1772 ad
1226 1729 1469 1773 Obodritos
1513 1744 1618 1772 cum
1656 1731 1852 1772 maximo

296 1789 511 1831 exercitu.
574 1789 664 1831 Sed
702 1791 859 1831 tamen
897 1789 963 1831 ibi
1003 1802 1247 1844 parumper
1284 1789 1422 1831 rebus
1461 1801 1674 1844 prospere
1711 1789 1852 1843 gestis

294 1860 373 1889 rex
410 1848 520 1889 data
555 1847 774 1890 exercitui
813 1847 1002 1889 licentia
1042 1848 1101 1890 ad
1131 1848 1468 1889 Franconofurt
1499 1847 1637 1889 celeri
1666 1847 1852 1889 festina-

294 1906 420 1948 tione
459 1919 666 1948 reversus
705 1908 795 1957 est;
836 1907 946 1948 inde
985 1919 1065 1961 per
1095 1906 1419 1948 Alamanniam
1455 1906 1680 1961 paulatim
1709 1908 1851 1947 trans-

295 1965 506 2019 grediens
556 1964 856 2007 Baiowariam
915 1964 1028 2007 urbe
1077 1960 1306 2019 Reginob-
1320 1966 1336 1990 ²
1391 1965 1640 2007 honorifice
1695 1963 1851 2006 natale

158 2037 230 2064 nec.
240 2036 283 2064 25.
296 2023 483 2065 Domini
513 2023 775 2066 celebravit.

1023 2136 1125 2182 890.

198 2224 286 2252 Mart.
438 2208 695 2252 DOOOXO.
757 2210 992 2252 Mediante
1031 2223 1137 2252 vero
1177 2210 1523 2264 quadragesima
1562 2222 1641 2251 rex
1676 2209 1850 2251 Panno·

296 2268 421 2310 niam
470 2268 758 2323 proficiscens
809 2268 1021 2322 generale
1069 2270 1343 2310 conventum
1390 2281 1493 2309 cum
1539 2267 1850 2310 Zwentibaldo

297 2327 412 2369 duce
443 2326 556 2377 loco,
589 2327 753 2381 quem3
782 2326 921 2381 vulgo
953 2326 1214 2382 appellatur
1235 2325 1597 2381 Omuntesperch
1609 2326 1638 2376 4,
1672 2326 1849 2368 habuit.

297 2385 372 2427 Ibi
401 2385 522 2427 inter
552 2385 643 2427 alia
672 2385 879 2440 prefatus
911 2385 1003 2427 dux
1034 2385 1091 2426 ab
1124 2384 1373 2440 apostolico
1384 2383 1416 2407 '¹‘-
1431 2383 1448 2409 ⁵
1477 2387 1666 2439 rogatus
1695 2397 1850 2439 regem

297 2443 427 2486 enixe
457 2443 796 2499 interpellabat,
829 2446 883 2485 ut
914 2443 1026 2486 urbe
1047 2443 1193 2485 Roma
1225 2444 1410 2485 domum
1435 2443 1583 2484 sancti
1603 2443 1730 2485 Petri
1750 2443 1850 2485 visi-

295 2504 416 2544 taret
446 2504 492 2544 et
522 2502 740 2544 Italicum
774 2515 970 2557 regnum
1001 2516 1029 2544 a
1058 2501 1192 2544 malis
1225 2501 1483 2543 christianis
1515 2504 1562 2544 et
1592 2501 1850 2544 inminenti·

449 2627 485 2672 *)
507 2628 622 2661 Manu
645 2638 732 2664 caeo.
756 2627 846 2664 XII.
872 2628 912 2662 in
937 2628 1011 2664 cod.
1037 2629 1059 2663 3
1083 2628 1248 2661 additum
1272 2631 1344 2662 est:
1368 2625 1555 2662 Formoso.

296 2745 326 2775 a)
344 2743 561 2776 thuringiorum
580 2745 611 2778 ὃς
632 2746 670 2776 ct.
683 2752 717 2776 p.
731 2745 791 2773 109.
804 2744 867 2773 11⁶.
882 2744 941 2773 116.
955 2745 1016 2772 122.
1089 2744 1120 2778 b)
1138 2745 1260 2777 regione
1278 2744 1304 2772 3.

298 2848 333 2891 1)
355 2848 413 2882 Ibi
434 2849 631 2892 diplomata
654 2850 726 2885 Iul.
744 2851 776 2886 1.
794 2851 828 2887 6.
845 2852 879 2887 9.
903 2850 991 2884 data
1015 2854 1099 2884 sunt
1123 2849 1279 2893 (Mahlb.
1297 2847 1572 2890 1771—1774),·
1594 2849 1640 2890 cf.
1664 2848 1850 2882 Dammler

296 2895 370 2938 ΙΙΙ,
392 2907 430 2939 p.
447 2897 527 2932 335.
604 2897 641 2940 2)
663 2897 900 2939 Reymburq.
972 2896 1009 2940 3)
1032 2897 1155 2931 Aecus.
1177 2906 1248 2940 pro
1269 2906 1384 2936 nom.,·
1408 2896 1454 2937 cf.
1470 2906 1505 2930 α.
1522 2896 1605 2931 884.
1677 2895 1714 2938 4)
1736 2895 1850 2929 Locus

296 2942 437 2984 iynotus
459 2947 530 2983 est,·
553 2943 599 2985 cf.
624 2942 817 2978 Dammler‘
835 2944 908 2987 III,
931 2954 959 2987 p
996 2945 1077 2979 338.
1175 2944 1212 2986 5)
1233 2942 1412 2986 Stephano
1435 2942 1495 2978 VI.
