2020 3358
406 299 657 347 (AUCTORE
682 298 1054 345 MEGINHARDO).
1103 301 1151 338 A.
1177 303 1377 339 867—869.
1651 305 1699 340 67

134 422 376 476 dignitatis
406 421 744 463 restitutionem
774 434 1064 475 nequaquam
1095 434 1170 462 eos
1201 422 1250 462 in
1272 423 1600 477 sempiternum
1631 437 1697 467 re-

134 482 284 536 cipere
316 493 446 535 posse
478 482 815 521 commemorat.

278 539 486 594 Synodus
527 538 651 593 apud
684 538 1020 579 Wormatiama
1066 551 1221 580 mense
1261 538 1384 580 Maio
1425 539 1586 580 habita
1625 542 1696 582 est
1708 555 1780 584 mni.

135 599 373 653 praesente
405 596 678 638 Hludowico
717 609 838 650 rege,
879 596 960 638 ubi
997 597 1198 652 episcopi
1235 597 1461 638 nonnulla
1492 598 1697 652 capitula

135 658 192 699 de
222 656 427 698 utilitate
455 650 818 697 aecclesiasticab
846 655 1182 697 conscribentes
1205 654 1481 698 Grecorum⁰
1509 656 1696 711 ineptiis

133 728 337 770 congrua
368 715 612 756 ediderunt
642 727 860 769 responsa
875 713 902 754 1.

276 773 550 815 Hlotharius
566 769 586 796 ‘¹
635 785 715 814 rex
759 772 953 814 Romam
1003 772 1236 827 profectus
1251 773 1267 798 ‘2
1319 787 1494 814 summo
1541 773 1695 815 studio
1708 788 1794 823 (869).

133 833 260 874 nisus
307 834 376 874 est
421 831 710 873 Waldratam
723 833 741 855 θ
796 845 899 873 cum
946 845 1169 873 consensu
1218 834 1265 873 et
1310 831 1467 874 favore
1512 831 1696 873 Nicolai

134 891 362 947 pontificis
407 891 698 932 matrimonio
745 889 831 931 sibi
879 890 1176 944 coniungere;
1225 891 1306 932 sed
1346 904 1452 932 eum
1490 891 1583 932 iam
1623 891 1695 932 de-

132 950 347 991 functum
377 944 636 1005 reperiensf
671 949 720 990 in
752 949 1070 991 Beneventum
1103 950 1162 990 ad
1192 949 1385 991 fratrem
1416 962 1550 991 suum
1580 948 1696 990 Hlu-

135 1008 388 1051 dowicum3
425 1009 624 1064 perrexit
663 1010 711 1050 et
750 1008 886 1049 huius
928 1007 1118 1062 copulae
1158 1007 1389 1050 fautorem
1424 1007 1559 1049 illum
1594 1007 1695 1050 fore

133 1068 385 1123 postulavit
425 1067 547 1122 apud
586 1067 842 1108 Adrianum
853 1062 887 1116 *‚
936 1067 1015 1121 qui
1054 1066 1247 1108 Nicolao
1260 1070 1283 1097 g
1331 1067 1382 1108 in
1421 1066 1697 1122 pontificatu

134 1126 369 1175 successit;
413 1127 493 1168 sed
533 1121 804 1180 petitionish
840 1125 1058 1167 effectum
1087 1125 1275 1167 minime
1307 1127 1578 1167 consecutus
1610 1127 1694 1167 est.

277 1180 471 1226 Eodemi
514 1198 633 1226 anno
665 1184 802 1226 stella
832 1187 1030 1226 cometes
1062 1197 1142 1239 per
1174 1184 1350 1238 aliquot
1380 1186 1538 1226 noctes
1560 1197 1694 1239 appa·

132 1244 228 1285 ruit
241 1244 277 1292 ⁴;
318 1244 471 1285 fontes
512 1256 690 1297 quoque
723 1245 770 1285 et
800 1243 991 1284 flumina
1029 1245 1215 1298 propter
1250 1243 1441 1284 nimiam
1478 1243 1694 1284 imbrium

133 1303 483 1344 inundationem
523 1302 765 1344 crescendo
805 1302 1127 1344 intumuerunt
1167 1304 1214 1344 et
1253 1315 1335 1357 per
1375 1302 1552 1343 diversa
1591 1301 1695 1343 loca

133 1362 181 1402 in
227 1361 438 1415 frugibus
485 1363 531 1403 et
578 1361 796 1402 aedificiis
843 1361 1066 1405 damnum,
1112 1360 1262 1402 fecere
1307 1374 1402 1402 non
1446 1360 1692 1401 modicum.

133 1419 267 1461 Hanc
308 1419 491 1474 plagam
530 1419 674 1461 fames
715 1419 855 1461 etiam
893 1432 1062 1473 magna
1101 1432 1203 1460 cum
1241 1419 1421 1473 ingenti
1458 1414 1691 1473 perniciek

132 1479 323 1519 humani
349 1478 528 1532 generis
554 1491 635 1532 per
654 1480 803 1519 totam
825 1476 1118 1520 Germaniam
1139 1479 1186 1519 et
1209 1476 1410 1519 Galliam
1430 1479 1587 1519 secuta
1608 1479 1692 1519 est.

273 1625 708 1672 DCCCLXVIIII.¹
780 1629 943 1680 Sclavi‚
985 1630 1063 1684 qui
1101 1632 1324 1672 vocantur
1359 1630 1565 1681 Behemi,
1605 1632 1694 1672 ter-

130 1689 277 1730 minos
309 1688 623 1730 Baioariorum
655 1687 823 1730 crebris
854 1689 1190 1731 incursionibus
1230 1689 1456 1731 infestant
1487 1691 1534 1731 et
1565 1702 1693 1743 quas-

133 1748 237 1789 dam
258 1747 391 1789 villas
422 1748 634 1789 incendio
661 1748 896 1789 tradentes
917 1747 1130 1790 mulieres
1152 1748 1259 1790 inde
1282 1748 1451 1790 duxere
1474 1748 1692 1803 captivas.

133 1806 305 1848 Contra
335 1820 446 1860 quos
478 1806 776 1847 Hludowicus
815 1819 895 1848 rex
933 1809 1109 1848 tutores
1141 1807 1382 1861 partiumm
1413 1806 1598 1848 illarum
1627 1807 1694 1847 in-

130 1866 266 1906 terim
297 1865 433 1915 misit,
477 1866 621 1906 donec
659 1865 755 1919 ipse
786 1867 1012 1920 oportuno
1042 1867 1247 1920 tempore
1278 1878 1464 1907 suorum
1495 1865 1693 1907 vindica·

130 1926 262 1965 turus
293 1924 483 1965 iniurias
514 1924 563 1964 in
595 1924 847 1966 desertores
879 1937 1006 1965 arma
1036 1925 1296 1979 corriperet.
1357 1923 1688 1966 Garlmannus¹¹

133 1982 405 2024 exercitibus
445 1982 643 2024 Rastizi⁰
689 1982 759 2023 bis
799 1995 988 2024 numero
1030 1996 1296 2037 congressus
1335 1983 1482 2024 victor
1522 1983 1691 2033 extitit,

132 2042 375 2096 praedaml'
412 2042 519 2083 inde
553 2041 734 2095 capiens
765 2055 858 2082 non
885 2042 1124 2092 modicam,
1157 2041 1276 2083 sicut
1306 2041 1403 2096 ipse
1434 2041 1601 2083 litteris
1633 2042 1694 2083 ad

132 2103 310 2155 patrem
349 2114 483 2141 suum
523 2100 763 2142 destinatis
802 2100 978 2142 retulit.
1041 2100 1201 2142 Sorabi
1239 2102 1286 2142 et
1318 2099 1457 2142 Siusli
1470 2099 1486 2125 ⁵
1521 2100 1693 2142 iunctis

0 2173 46 2205 η».
58 2174 117 2201 381.
133 2158 235 2200 ‘sibi
268 2158 508 2201 Behemisq
545 2161 592 2200 et
624 2159 786 2200 ceteris
827 2159 1119 2201 circumcirca
1155 2159 1317 2201 vicinis
1357 2159 1569 2213 antiquos
1605 2161 1693 2201 ter-

132 2218 277 2259 minos
299 2218 655 2272 Thuringiorum
676 2218 1065 2272 transgredientes
1096 2217 1295 2273 plurima
1325 2217 1427 2259 loca
1449 2218 1693 2259 devastant

132 2279 178 2317 et
210 2277 429 2330 quosdam
470 2276 557 2318 sibi
596 2276 780 2318 incaute
821 2277 1167 2331 congredientes
1207 2276 1505 2319 interficiunt.
1570 2275 1693 2319 Gun-

286 2377 321 2422 *)
343 2378 396 2414 H.
421 2389 535 2423 &upra
560 2379 690 2413 lineam
714 2380 798 2415 add.
823 2390 918 2415 man.
945 2391 972 2415 ε.
998 2379 1088 2415 XII.
1113 2380 1153 2413 in
1177 2380 1250 2416 cod.
1277 2381 1311 2415 3.

132 2474 161 2500 a)
181 2471 386 2497 Vuormaciam
405 2473 430 2499 3.
502 2472 533 2503 b)
552 2473 625 2500 aecl.
640 2474 671 2505 13
692 2473 763 2500 eccl.
783 2473 808 2500 3.
881 2474 908 2503 c)
927 2479 1082 2504 grecorum
1102 2472 1128 2500 2.
1200 2471 1232 2506 d)
1251 2471 1420 2498 hlutharius
1440 2472 1465 2499 3.
1537 2471 1566 2505 e)
1584 2470 1691 2498 uuald-

134 2505 235 2531 radam
254 2508 279 2533 3.
351 2507 374 2539 f)
394 2508 566 2539 repperiens
586 2508 611 2535 3.
682 2510 712 2540 g)
731 2508 847 2533 nicalao
866 2508 890 2535 3.
964 2491 995 2540 ἷι)
1015 2507 1172 2540 peticionis
1193 2508 1219 2535 2.
1294 2508 1316 2539 i)
1335 2506 1450 2533 Eodem
1470 2521 1503 2526 -—
1522 2510 1627 2533 secuta
1645 2510 1692 2533 est

131 2542 188 2568 dex.
208 2542 233 2569 2.
314 2541 345 2572 k)
366 2543 497 2577 pernicie
519 2545 548 2574 1;
581 2543 710 2574 pernitie
728 2544 753 2570 3.
835 2543 856 2576 l)
875 2543 1111 2570 DCCCLXVIII.
1130 2544 1191 2568 sine
1210 2550 1319 2568 rasura
1338 2543 1354 2567 2
1361 2552 1371 2574 ,·
1396 2543 1498 2567 addita
1517 2545 1613 2567 tamen
1631 2549 1692 2567 una

131 2577 208 2601 linea
229 2585 246 2600 ιι
267 2578 419 2602 recentiore
437 2578 560 2609 quodam
581 2585 715 2603 numerus
733 2581 876 2603 cor-rectus
894 2581 933 2603 est
952 2580 1003 2609 (cf.
1023 2586 1050 2605 α.
1069 2579 1144 2610 868).
1233 2580 1274 2609 m)
1292 2578 1426 2611 paralum
1446 2578 1471 2606 3.
1557 2579 1589 2609 n)
1608 2578 1692 2604 Carl-

131 2619 235 2637 manus
255 2613 280 2639 3.
351 2615 380 2643 o)
400 2613 502 2638 rastizi
521 2613 547 2641 3.
618 2615 649 2645 p)
668 2612 791 2645 predam
810 2615 835 2641 3.
907 2615 937 2646 q)
956 2614 1100 2639 beheimis
1119 2615 1145 2641 3.

133 2697 167 2737 1)
191 2694 317 2727 Edidit
343 2695 514 2737 Xeuyart,
544 2695 790 2739 ‘Episcopatus
810 2696 1100 2729 Constantoensis’
1125 2695 1155 2739 I,
1179 2707 1216 2739 p.
1234 2696 1327 2735 520,·
1351 2696 1396 2737 cf.
1423 2695 1611 2729 Dilmmler
1634 2695 1687 2739 II,

126 2753 165 2785 p.
191 2742 261 2776 204
285 2753 356 2785 sqq.
476 2743 512 2785 2)
544 2743 589 2776 A.
614 2743 696 2778 869.
730 2743 868 2775 demum
902 2753 1015 2776 mense
1048 2743 1154 2775 Iunio
1186 2743 1385 2776 Lotharius
1413 2743 1595 2786 profectus
1625 2747 1687 2785 est,

131 2789 278 2821 Nicolao
303 2790 374 2822 iam
399 2800 433 2824 a.
459 2790 540 2824 867.
567 2789 653 2825 Non.
680 2791 735 2824 13.
760 2794 920 2830 mortuo,-
951 2790 997 2831 cf.
1023 2790 1209 2823 Dic‘mmler
1233 2789 1285 2833 Il,
1308 2801 1346 2834 p.
1372 2791 1454 2825 237.
1559 2790 1596 2833 3)
1620 2790 1692 2832 Qui

130 2837 169 2868 in
194 2836 324 2877 finibus
348 2836 670 2870 Beneaentanmwm
694 2846 771 2869 cum
797 2837 1008 2870 Sarracenis
1028 2837 1225 2880 puqnabat.
1342 2837 1379 2880 4)
1403 2837 1583 2871 Mensibus
1606 2837 1688 2872 Ian.

129 2887 161 2915 et
186 2883 311 2921 stin-„-
335 2884 380 2924 εἴ.
399 2884 584 2916 Βιῖυιηιῐεν
609 2883 660 2925 ΙΙ,
684 2894 720 2927 p.
739 2885 819 2918 231.
916 2884 952 2926 5)
975 2884 1074 2916 Inter
1099 2884 1263 2916 Muldam
1288 2884 1495 2927 inferiorem
1519 2889 1551 2918 et
1567 2884 1689 2917 Albim

130 2930 350 2970 habitante⁸;
375 2931 420 2972 cf.
447 2931 601 2973 Bo‘ttqer,
631 2931 830 2964 ‘Dib'oesan-
858 2941 890 2963 ιι.
918 2931 1163 2973 Gauyrenzen’
1189 2931 1255 2966 IV.

1358 3000 1402 3036 5*
