2020 3358
150 476 234 532 ’(Αιπ
219 501 263 530 r..)

166 1255 266 1288 (Iun.).

275 308 345 344 100
636 305 756 343 ANN.
781 305 927 343 FULD.
953 306 1097 344 PARS.
1121 306 1196 344 ΙΠ.
1218 306 1471 352 (MOGONT.)

417 484 848 527 DCCCLXXXIII.
857 488 878 508 ἃ
953 485 1209 539 Imperator
1255 485 1442 527 Italiam
1493 488 1654 552 petens
1707 486 1830 539 apud

274 543 437 585 urbem
461 543 689 586 Veronam
721 556 825 584 cum
856 544 948 584 suis
979 542 1192 585 fidelibus
1225 544 1281 585 de
1312 546 1438 584 sta-tu
1467 543 1597 597 regni
1628 543 1697 584 sui
1730 556 1830 584 con·

275 601 454 644 siliatus
491 604 573 644 est.
635 601 794 656 Boppo
827 603 873 643 613
895 600 1072 655 Egin01
1104 601 1292 643 comites
1324 604 1372 643 et
1403 601 1541 643 duces
1561 601 1830 655 Thuringio-

274 655 404 701 rumb
455 660 577 702 inter
617 672 664 701 se
705 658 1002 713 confligentes
1040 672 1134 700 non
1173 672 1342 714 paucas
1381 660 1618 701 hominum
1655 662 1830 714 strages

275 718 470 767 dabant;
512 718 561 758 in
600 731 689 771 quo
722 716 938 759 conflictu
969 717 1128 772 Boppo
1160 719 1400 784 superatus
1430 718 1507 758 vix
1537 731 1640 759 cum
1672 718 1831 772 paucis

274 777 383 818 viris
415 776 579 829 effugit
611 775 802 818 caeteris
834 775 1045 817 omnibus
1077 776 1250 817 occisis.

419 833 634 876 Gotafrid
683 833 1026 884 Nordmannus,
1085 834 1162 888 qm'
1219 834 1450 889 superiore
1505 847 1626 876 anno
1675 834 1832 876 fuerat

275 892 548 947 baptizatus,
589 905 694 934 cum
726 891 925 946 Hugone
956 891 1218 934 Hlothariie
1257 892 1352 934 filio
1390 892 1553 934 foedus
1583 893 1688 933 iniit
1720 892 1834 934 eius·

277 964 365 1004 que
397 951 622 993 sororem2
652 951 784 992 duxit
814 951 863 991 in
895 951 1170 1005 coniugium.
1218 951 1352 993 Unde
1383 951 1506 993 idem
1526 950 1665 1005 Hugo
1697 951 1832 992 auda-

277 1005 399 1051 ciord
444 1008 636 1051 effectus
678 1022 873 1063 regnum
917 1009 1060 1063 patris
1107 1010 1178 1051 sui
1223 1022 1331 1051 suae
1378 1010 1546 1051 dicioni
1586 1009 1833 1063 subiugare

277 1067 471 1108 studuit.

420 1124 676 1179 Imperator
722 1138 854 1166 omne
899 1127 1082 1179 tempus
1127 1126 1351 1167 aestivum
1396 1125 1565 1167 mansit
1603 1126 1653 1166 in
1692 1125 1835 1166 Italia

278 1183 541 1237 animosque
581 1183 857 1237 optimatum
895 1183 1094 1237 regionis
1133 1183 1259 1224 illius
1297 1186 1456 1225 contra
1492 1196 1539 1225 se
1571 1183 1832 1225 concitavit.

277 1241 398 1283 Nam
431 1241 663 1283 Witonem
677 1241 693 1266 3
732 1241 934 1295 aliosque
974 1241 1221 1283 nonnullos
1262 1242 1575 1284 exauctoravit
1615 1244 1662 1284 et
1701 1242 1835 1284 bene·

278 1300 395 1349 ficia,
433 1313 548 1353 quae
578 1299 650 1340 illi
682 1302 728 1341 et
758 1302 911 1354 patres
943 1302 990 1341 ct
1022 1300 1095 1341 avi
1126 1302 1173 1342 et
1204 1301 1328 1342 atavi
1357 1300 1542 1342 illorum
1572 1302 1831 1350 tenuerant,

278 1358 426 1400 multo
447 1358 683 1400 vilioribus
715 1359 845 1400 dedit
874 1359 1092 1413 personis.
1141 1357 1274 1410 Quod
1303 1358 1374 1400 illi
1405 1359 1606 1412 graviter
1631 1359 1835 1400 ferentes

278 1417 378 1471 pari
423 1417 681 1458 intentione
733 1419 894 1458 contra
943 1430 1048 1458 eum
1092 1417 1318 1459 rebellare
1365 1418 1634 1472 disponunt,
1686 1417 1834 1458 multo

279 1475 420 1517 etiam
451 1475 595 1529 plura,
629 1488 766 1529 quam
796 1478 904 1517 ante
935 1475 1207 1525 habuerant,
1240 1476 1327 1518 sibi
1357 1476 1657 1518 vindicantes.

421 1533 553 1575 Mons
593 1534 780 1587 quidam
818 1534 867 1574 in
898 1534 1064 1575 Italiae
1100 1534 1307 1588 partibus
1345 1535 1402 1576 de
1438 1534 1538 1575 loco
1571 1548 1652 1575 suo
1682 1536 1837 1575 motus

278 1592 329 1633 in
350 1592 547 1633 Athesin
577 1591 767 1633 fluvium
798 1592 964 1633 cecidit
995 1592 1180 1646 eiusque
1211 1595 1414 1634 meatum
1444 1593 1717 1634 interclusit.
1769 1591 1836 1633 Hi

279 1652 454 1700 autem,
498 1650 577 1704 qui
616 1651 739 1705 apud
769 1650 998 1692 Veronam
1038 1653 1086 1692 et
1124 1651 1173 1691 in
1213 1651 1440 1705 contiguis
1480 1651 1592 1692 locis
1632 1651 1837 1692 eiusdem

278 1708 480 1750 fluminis
511 1708 798 1759 habitabant,
830 1709 1008 1750 tamdiu
1039 1709 1245 1751 utilitate
1276 1709 1400 1750 illius
1427 1709 1655 1758 carebant,
1690 1710 1836 1750 donec

279 1767 403 1808 idem
433 1766 598 1808 fluvius
630 1780 711 1821 per
742 1768 939 1809 eundem
967 1770 1172 1809 montem
1203 1768 1332 1822 quasi
1364 1767 1630 1810 cavernulas
1660 1767 1836 1809 faciens

281 1825 341 1866 ad
371 1839 504 1866 suum
535 1825 716 1867 alveum
745 1826 930 1867 rediret.

421 1883 709 1925 Nordmanni
754 1897 835 1938 per
874 1883 1055 1925 alveum
1092 1884 1244 1925 Rheni
1290 1884 1490 1925 fluminis
1537 1884 1838 1925 ascendentes

280 1941 478 1996 plurima
508 1942 610 1984 loca
640 1955 787 1997 nuper
817 1944 1075 1984 restaurata
1105 1943 1452 1993 succenderunt,
1485 1943 1699 1997 praedam
1729 1942 1838 1984 inde

282 2000 515 2054 capientes
555 2014 648 2042 non
688 2001 927 2042 modicam.
1000 2000 1176 2051 Quibus
1207 2001 1475 2043 Liutbertus
1505 2000 1839 2054 Mogontiensis

282 2058 649 2113 archiepiscopus
681 2072 785 2100 cum
815 2059 971 2113 paucis
1002 2060 1219 2109 occurrit;
1253 2060 1333 2101 sed
1363 2073 1457 2101 non
1487 2072 1655 2114 paucos
1688 2072 1742 2100 ex
1773 2059 1839 2100 eis

282 2117 530 2171 prostravit
568 2119 615 2159 ct
654 2118 872 2171 praedam
912 2118 1122 2159 excussit.
1183 2118 1406 2172 Agripina
1438 2117 1628 2159 Colonia
1668 2117 1838 2170 absque

283 2174 513 2216 aecclesiis
536 2178 583 2217 613
603 2176 889 2217 monasteriis
910 2176 1202 2218 reaedificata
1234 2179 1281 2218 et
1311 2177 1430 2217 muri
1452 2177 1548 2218 eius
1571 2189 1674 2217 cum
1695 2176 1836 2230 portis

284 2234 331 2274 et
361 2233 568 2275 vectibus
601 2235 648 2275 et
679 2234 789 2275 seris
819 2228 1078 2275 instaurati.

426 2406 884 2449 DOOOLXXXIIII.
900 2411 917 2431 θ
1014 2408 1058 2449 N
1060 2409 1300 2450 ordmanni
1362 2408 1562 2450 Saxones
1623 2409 1836 2450 invadere

282 2467 638 2520 temptaverunt,
670 2466 834 2520 quibus
856 2466 1067 2508 Heimrih
1100 2480 1248 2508 comes
1281 2469 1327 2509 et
1348 2467 1446 2508 Arn
1478 2467 1714 2522 episcopus
1736 2480 1839 2508 cum

285 2537 424 2564 manu
469 2523 623 2565 valida
673 2524 966 2566 orientalium
1012 2525 1290 2566 Francorum
1341 2527 1649 2567 occurrerunt.
1727 2524 1838 2567 Con-

286 2584 496 2635 sertoque
536 2582 709 2636 proelio
741 2582 925 2638 plurimi
958 2596 1012 2625 ex
1041 2586 1235 2637 utraque
1266 2586 1397 2638 parte
1430 2584 1716 2633 ceciderunt;
1758 2583 1838 2625 sed

286 2696 314 2725 a)
339 2694 569 2723 DCCCLXXXI.
590 2696 668 2727 co‹l.,-
696 2697 759 2721 vide
776 2703 867 2727 supra
887 2697 925 2721 ad
945 2704 972 2724 α.
991 2697 1052 2724 868.
1160 2697 1190 2727 b)
1216 2697 1424 2729 thuringorum
1443 2697 1503 2724 cod.
1611 2698 1638 2727 c)
1664 2696 1758 2723 hluth.
1778 2697 1839 2723 rod.

287 2728 318 2760 d)
338 2728 476 2755 audatior
495 2731 556 2758 cod.
628 2732 655 2762 6)
675 2730 921 2758 DCCCLXXXII.
941 2732 1020 2763 cod„-
1038 2733 1077 2763 cf,
1097 2740 1124 2759 u.
1142 2732 1203 2759 868.

288 2821 323 2865 1)
356 2822 474 2856 Comes
502 2824 594 2866 paqc‘
616 2824 887 2867 Badanachqau
919 2825 968 2858 ad
996 2825 1156 2859 Moenum
1192 2826 1275 2866 site)-
1307 2826 1353 2867 cf.
1379 2825 1564 2858 Dantmlet·
1589 2824 1661 2866 III,
1693 2836 1730 2868 p.
1756 2825 1838 2859 213.

286 2869 323 2911 2)
348 2869 508 2908 Gislam,·
541 2871 586 2911 cf.
613 2871 746 2913 Regino
775 2872 856 2913 882,
892 2872 1077 2905 Dummler
1108 2872 1180 2915 HI,
1212 2884 1249 2916 p.
1275 2873 1355 2907 206.
1475 2872 1511 2915 3)
1535 2872 1661 2904 Ducem
1689 2871 1835 2915 Spoleti,

286 2915 474 2949 Lantberti
495 2916 669 2957 fratr-,·em
695 2918 880 2951 Dic'mmlm·
904 2918 976 2961 III,
999 2930 1038 2962 p.
1063 2919 1144 2954 217.

1842 444 1887 475 ¹1³.
1898 443 1960 471 898.

1850 2367 1893 2398 *μ
1905 2367 1967 2393 399.
