2020 3358
272 1221 328 1248 Iul.
339 1221 381 1248 21.

396 332 465 366 108
854 328 1133 365 ANNALIUM
1155 328 1489 372 FULDENSI'UM

396 463 551 491 corum
596 449 775 491 insidiis
815 451 943 492 extra
980 449 1284 491 munitionem
1328 449 1588 492 invenirent
1628 452 1675 491 et
1716 452 1943 505 caperent,

394 508 646 550 secundum
675 507 810 549 illum
839 507 1174 550 nobilissimum
1204 510 1366 562 poetae
1396 520 1577 550 versum
1607 508 1835 550 volentes:

542 565 654 619 Quid
681 578 833 618 moror,
865 569 1007 607 ‘utrum
1037 564 1171 606 armis
1201 564 1415 618 continyat
1436 566 1586 618 palma
1617 565 1806 607 doli-sve?

395 627 442 666 et
472 625 540 666 ita
569 625 747 666 factum
776 624 910 674 foret,
941 624 992 664 ni
1021 624 1167 665 nostri
1197 623 1462 665 muneribus
1492 625 1705 679 corrupti,
1738 628 1791 666 ut
1804 678 1809 682 ,
1822 625 1948 667 fama

393 683 549 733 refert,
582 683 638 724 de
666 684 796 737 parte
818 682 1098 723 Francorum
1127 682 1381 736 proditores
1413 685 1564 724 essent
1595 686 1642 725 et
1672 684 1945 738 inpedirent.

396 741 485 783 Sed
514 743 672 782 tamen
702 740 858 795 paucis
889 740 1048 782 occisis
1079 741 1246 782 reversi
1267 742 1375 781 sunt
1396 740 1455 782 ad
1475 753 1641 794 regem.
1701 741 1947 783 Redeunti-

395 799 479 841 bus
518 799 612 840 illis
651 799 757 840 ilico
794 811 874 840 rex
904 801 1085 853 arrepto
1116 798 1280 840 itinere
1313 811 1416 840 cum
1447 799 1571 840 omni
1602 800 1804 841 exercitu
1834 799 1947 842 fines

395 860 442 899 et
476 858 779 899 munitionem
809 857 1222 907 Nordmannorum,
1263 857 1372 912 ipsis
1413 870 1518 898 cum
1555 870 1712 899 eorum
1747 857 1945 912 regibus,

394 916 442 957 id
473 918 542 958 est
574 915 792 970 Sigifrido
824 918 871 958 et
893 914 1147 966 Gotafrido,
1180 915 1461 970 principibus
1484 915 1640 966 Vurm,
1674 915 1790 957 Hals
1821 916 1948 958 intus

394 974 582 1016 inclusis
623 974 884 1029 occupavit;
927 976 1077 1016 castra
1112 974 1336 1015 exercitus
1366 974 1416 1014 in
1448 974 1643 1015 circuitu
1674 988 1814 1029 prope
1846 974 1947 1016 civi-

393 1035 538 1074 tatem
581 1032 679 1074 fieri
719 1032 951 1087 praecepit
990 1033 1143 1086 sicque
1186 1045 1266 1086 per
1307 1032 1402 1074 dies
1443 1032 1541 1073 XII
1580 1033 1805 1075 obsessam
1848 1046 1947 1074 con·

394 1091 590 1131 strinxit.

535 1148 654 1190 Mira
691 1149 847 1202 itaque
882 1161 955 1190 res
987 1151 1034 1190 et
1065 1149 1292 1203 stupenda
1329 1148 1646 1190 obsidentibus
1677 1151 1725 1190 et
1755 1149 1947 1191 obsessis

394 1207 591 1260 quadam
629 1207 703 1248 die
741 1207 952 1248 occurrit.
1013 1206 1135 1248 Nam
1165 1206 1214 1247 in
1244 1206 1357 1247 XII.
1389 1206 1495 1248 Kal.
1527 1207 1646 1261 Aug.
1687 1207 1790 1249 luce
1831 1210 1948 1262 post-

394 1266 544 1306 media
578 1265 823 1307 tenebrosa
853 1265 1006 1307 subito
1038 1264 1186 1319 caligo
1217 1266 1319 1306 tota
1350 1267 1499 1307 castra·
1529 1266 1722 1320 operuit,
1762 1264 1948 1320 fulgure

395 1327 441 1365 et
480 1324 685 1365 tonitruo
733 1337 814 1366 con
822 1325 1033 1378 crepente
1079 1323 1256 1365 instans
1301 1323 1410 1365 talis
1456 1324 1650 1378 grando,
1697 1326 1751 1366 ut
1790 1324 1948 1366 nullus

395 1385 533 1424 antea
562 1383 827 1424 mortalium
857 1395 904 1424 se
934 1382 1029 1423 tale
1060 1382 1171 1435 quid
1200 1382 1355 1424 videre
1395 1382 1705 1437 profiteretur;
1746 1396 1853 1432 non,
1894 1385 1949 1424 ut

394 1441 580 1482 solitum
611 1443 680 1482 est
710 1441 886 1496 lapides
909 1441 1194 1490 descendere,
1227 1440 1367 1495 plana
1388 1443 1435 1482 et
1456 1440 1635 1494 equalia
1662 1437 1944 1496 superficieb,

394 1500 473 1540 sed
495 1502 687 1540 cornuta
718 1502 764 1541 et
795 1499 999 1553 inequali
1030 1501 1077 1541 et
1104 1511 1264 1553 aspera
1283 1499 1403 1540 facie
1424 1499 1635 1540 omnibus
1657 1499 1947 1542 cernentibus

393 1558 629 1598 insolitum
669 1560 715 1600 et
754 1571 972 1612 magnum
1012 1557 1324 1611 spectaculum
1363 1557 1589 1612 praebuit.
1650 1557 1864 1600 Mirabile
1900 1561 1948 1600 et

393 1615 661 1658 incredibile
709 1617 854 1666 dictu,
901 1618 956 1657 ut
994 1615 1069 1657 vel
1107 1615 1184 1656 vix
1221 1615 1295 1657 vel
1334 1629 1428 1657 non
1468 1616 1751 1669 grossitudo⁰
1790 1629 1947 1658 eorum

392 1675 545 1728 potuit
573 1674 739 1729 pollice
761 1677 808 1717 et
827 1675 978 1717 medio
1000 1674 1284 1716 circumdari.
1337 1674 1458 1716 Nam
1489 1677 1535 1716 et
1565 1675 1633 1716 ita
1663 1675 1768 1728 equi
1798 1677 1947 1730 stupe-

391 1733 518 1783 facti,
559 1735 613 1773 ut
653 1733 840 1775 efractis
880 1732 1070 1774 sudibus
1101 1734 1149 1774 et
1179 1731 1371 1774 habenis
1410 1733 1578 1787 partim
1617 1735 1746 1775 extra
1783 1736 1944 1783 castra,

391 1791 559 1845 partim
596 1791 645 1831 in
677 1792 836 1833 castris
865 1788 1033 1833 ‘errore
1065 1793 1112 1832 et
1143 1792 1328 1845 stupore
1359 1791 1672 1833 versabantur.
1735 1791 1946 1833 Civitatis
1960 1806 1975 1822 ⁸
1997 1807 2020 1833 ,ε

392 1863 583 1903 quoque,
624 1863 761 1904 quam
802 1846 1120 1899 obsederantd,
1162 1851 1349 1904 propter
1378 1850 1601 1904 impetum
1632 1850 1747 1892 aeris
1778 1863 1947 1904 magna

392 1922 495 1962 pars
537 1909 720 1959 corruit,
761 1909 829 1949 ita
867 1910 921 1949 ut
960 1921 1054 1949 una
1094 1908 1255 1949 cohors
1295 1909 1598 1950 coacervatim
1636 1910 1789 1963 posset
1825 1909 1946 1962 equi-

390 1968 558 2008 tandoe
596 1967 787 2021 ingredi,
821 1967 909 2008 nisi
940 1966 1076 2016 vallo,
1109 1967 1231 2020 quod
1263 1967 1563 2016 circumierat,
1597 1979 1815 2021 suspensa
1846 1980 1947 2008 con·

391 2027 546 2067 staret.

533 2084 685 2138 Igitur
724 2097 805 2138 per
842 2086 914 2125 tot
955 2084 1052 2126 dies
1092 2083 1304 2125 obsidens
1342 2086 1439 2125 tam
1476 2096 1669 2138 magnus
1707 2083 1943 2134 exercitus,

392 2142 564 2183 aestivo
594 2143 644 2183 in
673 2145 878 2196 tempore
903 2145 1087 2197 propter
1113 2142 1403 2197 putredinem
1425 2142 1688 2183 cadentium
1708 2142 1946 2184 hominum

391 2201 679 2254 aegritudine
711 2203 944 2255 correptus
976 2213 1028 2241 ac
1059 2196 1294 2255 pertesusf
1326 2203 1407 2242 est.
1470 2200 1566 2242 Nec
1596 2201 1748 2242 minus
1777 2200 1944 2242 inclusi

391 2258 529 2299 simili
574 2258 786 2300 molestia
830 2258 1167 2314 premebantur.
1236 2258 1508 2300 Consultum
1547 2261 1616 2300 est
1656 2271 1711 2300 ex
1749 2261 1944 2312 utraque

390 2319 533 2371 parte,
575 2319 629 2358 ut
670 2317 789 2358 datis
830 2330 885 2359 ex
923 2319 1081 2358 nostra
1119 2319 1250 2371 parte
1281 2316 1512 2358 obsidibus
1545 2316 1820 2371 sigifridusl
1849 2329 1940 2367 rex,

391 2375 469 2428 qui
500 2389 640 2417 manu
669 2375 864 2417 validior
894 2377 1006 2425 erat,
1037 2376 1165 2417 venit
1196 2377 1324 2417 extra
1359 2375 1662 2417 munitionem
1698 2388 1835 2430 supra
1866 2388 1943 2417 sex

390 2433 588 2475 miliaria
619 2434 677 2475 ad
706 2446 874 2488 regem.
935 2434 1139 2475 Primum
1178 2434 1434 2476 iuramento
1473 2435 1756 2475 contestatus
1788 2436 1858 2475 est
1888 2447 1943 2475 ex

388 2491 472 2534 illa
508 2493 622 2534 hora
661 2494 708 2534 et
747 2492 871 2534 ultra
909 2505 1065 2546 usque,
1108 2493 1218 2533 dum
1249 2492 1447 2534 Karolus
1478 2492 1725 2546 imperator
1754 2492 1939 2542 viveret,

387 2564 637 2605 numquam
667 2551 717 2592 in
748 2564 880 2592 suum
910 2563 1102 2605 regnum
1133 2550 1292 2592 hostili
1332 2551 1628 2605 praedatione
1658 2551 1827 2599 iturus;
1871 2551 1942 2592 de-

388 2609 496 2650 hinc
528 2609 912 2651 christianitatem
951 2609 1181 2664 professus
1220 2609 1370 2663 ipsum
1409 2609 1729 2664 imperatorem
1763 2611 1941 2663 patrem

387 2667 436 2707 in
468 2667 744 2721 baptismate
785 2668 1044 2722 adquisivit.
1107 2667 1233 2709 Duos
1265 2668 1330 2709 ibi
1362 2668 1457 2710 dies
1489 2667 1600 2709 laeti
1630 2667 1818 2708 insimul
1848 2679 1940 2708 ver-

388 2725 571 2775 sabant3
605 2728 706 2767 tum
735 2726 934 2768 remissis
964 2726 1132 2767 nostris
1163 2725 1398 2768 obsidibus
1430 2726 1486 2767 de
1506 2725 1760 2766 munitione
1791 2725 1887 2780 ipse
1915 2737 1940 2766 e

388 2785 615 2825 contrario
649 2798 752 2826 cum
773 2785 979 2826 maximis
1001 2784 1265 2826 muneribus
1286 2785 1498 2826 remissus
1520 2784 1579 2825 ad
1600 2797 1694 2824 sua.
1746 2783 1939 2825 Munera

386 2898 415 2965 ὃ)
435 2897 541 2928 equale
559 2898 584 2924 3.
596 2933 612 2957 3
666 2898 696 2931 b)
714 2897 872 2934 superficie¹
892 2899 916 2925 3.
995 2900 1022 2928 c)
1042 2897 1207 2923 crassitudo
1226 2898 1251 2925 3.
1329 2896 1360 2930 d)
1379 2895 1551 2922 obsiderunt
1569 2896 1594 2923 3.
1667 2897 1694 2927 e)
1713 2895 1894 2928 aequitando
1913 2896 1940 2923 8.

428 2936 577 2963 pertesum
614 2952 622 2959 .

388 3013 422 3056 1)
446 3013 557 3047 Immo
584 3014 819 3055 Gotaf›·2·dus,·
844 3015 888 3056 cf.
912 3026 947 3058 p.
968 3015 1036 3049 100
1053 3025 1102 3057 sq.
