2020 3358
466 305 705 342 AUCTORE
729 305 1013 343 RUODOLFO.
1062 306 1110 343 A.
1135 309 1217 343 852.
1241 309 1323 343 853.
1622 309 1669 343 43

111 428 298 483 recepit.
360 427 477 469 Inde
516 427 744 469 transiens
785 440 865 482 per
905 426 1125 481 Angr0s¹‚
1167 427 1423 474 Harudes
1397 428 1411 452 ²
1467 427 1671 469 Suab0s³

113 490 160 530 et
191 486 501 540 Hohsingos⁸·
514 485 531 511 ⁴
562 488 609 528 et
640 499 722 540 per
751 486 1011 527 mansiones
1042 485 1260 540 singulas,
1300 488 1436 540 prout
1467 499 1514 527 se
1547 499 1670 553 prae-

111 546 214 588 buit
243 545 544 600 oportunitas,
578 557 738 586 causas
768 544 928 599 populi
959 539 1242 586 diiudicansb
1275 543 1577 597 Thuringiam
1606 545 1669 584 in-

111 604 331 659 greditur.
378 603 470 645 Ubi
502 603 625 658 apud
646 602 953 658 Erpfesfurtss·
968 602 984 627 ⁵
1014 602 1174 670 habito
1207 604 1437 644 conventu
1468 602 1670 643 decrevit

110 663 232 705 inter
271 662 381 710 alia,
428 664 483 703 ut
520 661 677 703 nullus
716 661 1008 716 praefectus⁶
1045 659 1095 702 in
1135 675 1219 703 sua
1258 660 1551 716 praefectura
1589 663 1670 701 aut

111 717 519 776 quaestionariusd·
533 720 547 745 ⁷
576 720 700 762 infra
720 716 1042 774 quaesturamd
1078 722 1233 762 8113111θ
1272 719 1465 762 3110111118
1487 732 1671 760 causam

111 780 322 822 advocati
352 780 537 821 nomine
568 779 820 834 susciperet
857 779 1095 833 agendam,
1136 779 1186 819 in
1217 778 1379 820 alienis
1410 791 1516 820 vero
1548 790 1671 831 prae-

111 839 302 881 fecturis
332 838 408 881 vel
438 834 723 892 quaesturisd
768 837 939 892 singuli
977 851 1060 892 pro
1091 851 1175 879 8113
1203 837 1444 879 voluntate
1476 835 1671 877 aliorum

113 898 259 940 causis
291 897 479 951 agendis
510 896 735 938 haberent
769 896 1057 938 facultatem.
1120 896 1237 938 Inde
1277 895 1510 950 profectus
1550 895 1672 936 diem

112 956 280 998 natalis
313 955 500 997 Domini
530 956 580 996 in
609 955 941 1010 Reganesburg
972 950 1268 997 celebravitf.
1686 968 1811 995 news».

835 1067 941 1115 853.

255 1143 550 1186 DCOOLIII.
611 1142 899 1185 Nordmanni
939 1155 1020 1198 per
1059 1143 1307 1197 Liguremg
1348 1138 1571 1184 fluvium*
1602 1155 1672 1184 ve-

113 1203 294 1245 nientes
340 1202 574 1243 Turonum
621 1200 802 1244 Galliae
849 1201 1083 1243 civitatem
1129 1202 1412 1256 praedantur
1457 1203 1505 1243 et
1550 1201 1673 1243 inter

115 1262 228 1303 alias
268 1262 403 1303 aedes
443 1255 717 1303 ecclesiam¹¹
762 1273 942 1314 quoque
982 1260 1130 1302 sancti
1168 1260 1361 1302 Martini
1401 1260 1672 1302 confessoris
1685 1274 1820 1306 (nome).

114 1320 296 1362 nemine
326 1320 569 1362 resistente
601 1320 888 1361 succendunt
900 1319 929 1359 ⁸.

255 1373 614 1432 Aquitanorum¹
681 1377 824 1432 legati
877 1373 1238 1419 Hludowicumk
1291 1390 1446 1431 regem
1503 1376 1673 1418 crebris

113 1436 525 1492 supplicationibus
567 1435 832 1485 sollicitant,
874 1438 929 1476 ut
965 1438 1048 1477 aut
1077 1436 1174 1490 ipse
1206 1448 1342 1490 super
1373 1449 1449 1477 eos
1480 1448 1673 1517 rlegnum

113 1495 363 1550 susciperet
393 1497 475 1536 aut
506 1494 653 1536 filium
684 1508 818 1536 suum
847 1494 1067 1544 mitteret,
1101 1494 1179 1548 qui
1209 1507 1285 1536 eos
1308 1507 1335 1536 a
1355 1489 1512 1535 Karli¹
1552 1493 1673 1548 regis

268 1620 303 1664 *)
327 1620 410 1655 Cod.
435 1622 458 1656 2
491 1620 706 1663 Reqinonem
739 1624 875 1654 secutus
908 1621 960 1654 ita
986 1622 1128 1664 perqit:
1163 1619 1413 1664 inrumpentes
1447 1619 1485 1654 in
1518 1630 1674 1664 regnum

324 1666 454 1702 Karoli
489 1666 570 1702 loca
604 1666 762 1711 plurima
794 1668 1045 1711 vastaverunt3
1083 1669 1121 1701 et
1154 1666 1310 1701 Turonis
1342 1666 1529 1702 venientes
1564 1666 1673 1701 etiam

325 1714 475 1749 domum
500 1713 615 1749 sancti
638 1713 791 1748 Martini
816 1713 1030 1749 confessoris
1055 1715 1263 1749 cremarunt
1286 1714 1467 1750 incendic.

114 1834 143 1863 a)
161 1833 312 1864 11018111308
299 1833 371 1859 833
381 1832 433 1859 d.e
419 1839 448 1864 e;
477 1832 523 1857 110
526 1832 621 1864 1811130
622 1839 636 1857 s
655 1832 693 1859 31.
711 1832 882 1864 Holisingos
901 1833 935 1860 F.
1034 1832 1101 1863 b)1
1090 1830 1155 1857 iiud
1145 1839 1227 1858 180311
1247 1833 1272 1860 2.
1291 1832 1332 1859 30.
1341 1832 1368 1859 «1.
1379 1839 1400 1859 e.
1499 1834 1526 1863 0)
1551 1832 1675 1866 erphes-

114 1869 176 1894 furt
194 1870 219 1896 1.
237 1869 262 1896 2.
351 1866 383 1898 d)
402 1874 474 1900 ques
461 1871 498 1895 ει
512 1869 536 1894 1.
627 1869 655 1899 e)
673 1874 758 1909 ⁸¹¹⁸.m
776 1870 892 1900 quaest.
909 1868 936 1895 2.
1069 1867 1178 1928 αῗθὴιη
1197 1867 1222 1894 2.
1303 1869 1332 1899 3)
1352 1867 1468 1899 ligerim
1487 1867 1519 1908 25
1550 1867 1674 1899 ligerem

114 1904 153 1970 ῧε.
154 1904 303 1965 ἐωξὶ
322 1903 377 1966 2h)
396 1903 491 1940 gissam
511 1904 535 1931 1.
607 1903 628 1933 i)
647 1902 878 1935 Aqmtaniorum
899 1904 924 1930 1.
943 1903 969 1930 2.
1040 1902 1072 1934 k)
1114 1902 1123 1927 1
1146 1901 1184 1928 do
1167 1910 1217 1928 ow
1209 1903 1286 1928 'cum
1307 1903 1354 1936 303
1384 1901 1576 1928 ludoumcum
1596 1903 1673 1930 3d.e.

116 2044 150 2086 1)
179 2044 210 2079 Ι.
234 2054 262 2079 e.
293 2054 360 2088 per
383 2044 610 2086 Anqrariam
641 2047 673 2077 et
693 2053 808 2087 payos
833 2043 1007 2086 Ostfaliae
1030 2043 1211 2086 Hardeqm
1239 2043 1423 2087 Suabenyo
1445 2048 1477 2078 et
1501 2044 1673 2087 Hohequ.

113 2091 229 2125 Locus
245 2095 438 2124 memoratu
454 2091 698 2134 diqniseimus,
725 2091 818 2134 quod
840 2101 879 2124 eo
902 2090 1021 2124 adhuc
1044 2101 1126 2124 aevo
1145 2091 1238 2135 paqi
1259 2091 1426 2135 cuiusque
1448 2091 1584 2125 incolae
1603 2101 1675 2135 Ρνο

114 2138 298 2181 sinyulari
327 2142 426 2181 yente
459 2137 598 2171 habitos
621 2138 733 2179 fuisse
756 2138 983 2173 demonstrat.
1020 2137 1062 2173 P.-
1182 2138 1219 2181 2)
1241 2138 1336 2181 Paqi
1358 2138 1511 2181 Hardqo
1534 2149 1558 2172 a
1582 2139 1675 2172 silva

114 2185 223 2228 Hart,
250 2185 380 2227 Hartz,
407 2195 530 2218 nomen
554 2186 676 2218 sortiti
697 2189 803 2236 caput
826 2185 1107 2219 Halberetadum
1130 2189 1219 2220 erat.
1256 2185 1298 2221 P.
1423 2185 1460 2229 3)
1487 2185 1601 2219 Terra
1625 2186 1675 2219 ad

114 2232 295 2265 meridiem
320 2232 440 2265 Bodae
472 2232 609 2266 saeculo
633 2236 740 2275 emo,
776 2242 855 2265 cum
879 2232 1064 2266 Saxonum
1083 2242 1177 2276 pars
1196 2233 1325 2276 patria
1348 2233 1474 2267 relicta
1498 2243 1573 2266 una
1596 2243 1675 2266 cum

114 2279 366 2322 Lanqobardie
389 2279 538 2313 Italiam
556 2283 700 2324 peteret,
726 2290 750 2312 a
775 2279 951 2322 Siyiberto
968 2279 999 2315 I.
1024 2279 1250 2313 Francorum
1274 2290 1354 2322 reqe
1378 2279 1508 2314 Suavis
1530 2280 1676 2314 advenis

115 2326 164 2359 ad
187 2326 420 2359 habitandum
453 2327 540 2359 data
573 2331 635 2370 est,
671 2327 735 2370 qui
756 2331 878 2370 postea
902 2337 980 2360 eum
1004 2327 1135 2369 viginti
1157 2337 1219 2360 sex
1243 2326 1429 2360 Saxonum
1453 2327 1675 2360 redeuntium

117 2373 260 2406 milibus
291 2374 482 2415 conflictati
512 2374 606 2407 884188
638 2375 728 2407 istas
758 2374 993 2410 retinuerunt.
1043 2374 1214 2416 Gregorii
1240 2373 1372 2410 Turon.
1407 2374 1489 2408 hist.
1523 2375 1601 2410 ecel.
1634 2375 1672 2417 V,

116 2429 144 2452 c.
171 2420 226 2454 15.
263 2420 304 2454 Ρ.
422 2421 459 2463 4)
482 2421 603 2463 Payus
626 2421 744 2454 Hohei
765 2431 783 2454 e
807 2421 953 2454 meridie
980 2422 1070 2465 paqi
1093 2421 1229 2455 Suevon
1262 2422 1302 2454 in
1335 2422 1426 2465 ipsis
1453 2421 1676 2464 Thurinyiae

116 2466 311 2508 confinibus
333 2467 424 2500 situs
447 2472 535 2502 erat.
571 2468 611 2501 P.
660 2466 892 2513 Hohsegowe
919 2478 1057 2512 payum
1090 2478 1125 2503 α.
1144 2469 1226 2504 780.
1258 2468 1456 2512 αΡΡ8ῑῑανί,
1491 2467 1675 2512 Hosgewe

118 2514 157 2546 in
181 2513 372 2546 traditione
394 2514 550 2557 quadam
573 2525 660 2550 saec
679 2515 782 2550 VIII.
807 2515 906 2559 apud
930 2515 1076 2549 Dronke
1099 2515 1202 2558 (Cod.
1219 2515 1308 2559 dipl.
1325 2515 1434 2550 Fuld.
1454 2516 1552 2558 100),
1578 2514 1674 2549 Hos-

116 2569 218 2640 ffle
249 2570 284 2593 a.
315 2561 401 2603 932,
441 2559 662 2604 Hossegawe
694 2572 729 2598 a.
759 2563 840 2605 947,
878 2560 1063 2607 Hosgowe
1096 2573 1130 2596 a.
1157 2563 1244 2605 968,
1282 2560 1512 2606 Hassingewi
1544 2566 1672 2606 aum,

196 2616 281 2651 sega
312 2607 510 2650 similesque
547 2609 685 2649 formae
717 2609 763 2642 ab
795 2620 830 2645 a.
855 2611 936 2645 961.
969 2610 1106 2643 demum
1146 2619 1322 2653 apparere
1356 2609 1687 2652 Grassler,‘Ne1ae.

117 2653 285 2688 Miuheil.
310 2654 344 2689 d.
371 2653 466 2689 thur.
469 2654 598 2690 welche.
623 2655 778 2690 Vereins’
802 2656 928 2699 XVII,
950 2668 989 2700 Ρ.
1014 2658 1085 2692 210
1109 2667 1159 2700 89.
1184 2654 1413 2693 demonstrat.
1468 2657 1564 2691 Unde
1587 2661 1676 2691 recte

116 2700 290 2734 concludit
313 2701 403 2734 idem
428 2701 525 2734 nihil
548 2712 618 2735 8888
641 2701 724 2736 huic
743 2713 840 2746 pago
865 2714 944 2736 cum
959 2703 1102 2744 Heme,-
1126 2704 1168 2737 de
1186 2703 1265 2737 Osis
1289 2713 1367 2736 vero
1390 2705 1545 2746 cogitare
1568 2705 1675 2737 etiam

117 2747 227 2781 multo
250 2748 370 2782 minus
394 2748 544 2783 licuerit.
594 2749 690 2782 Mihi
712 2750 850 2793 quidem
866 2751 1118 2793 antiquissima
1135 2751 1290 2784 nominis
1305 2751 1426 2792 forma
1442 2749 1674 2795 Hohsegowe

116 2795 297 2838 aptissime
329 2795 468 2829 ouletur
499 2795 683 2829 cohaerere
715 2806 793 2829 cum
817 2797 903 2830 urbe
926 2797 994 2830 illa
1019 2795 1240 2842 Hohseburg
1263 2798 1333 2831 eive
1355 2796 1603 2842 Hohseoburg
1626 2798 1676 2831 ud

116 2851 151 2876 a.
170 2842 250 2877 745.
274 2842 320 2875 ab
343 2842 536 2876 annalibus
558 2847 836 2877 commemorata.
909 2844 946 2887 5)
968 2844 1116 2886 Erfurt.
1189 2844 1226 2888 6)
1248 2844 1279 2880 I.
1297 2854 1324 2880 8.
1349 2854 1469 2881 comes.
1543 2846 1578 2888 7)
1598 2845 1629 2880 I.
1646 2855 1673 2880 e.

116 2890 337 2923 centenarius
367 2893 431 2923 aul
465 2890 641 2929 vicarius,-
675 2890 862 2924 Du'mmler
886 2891 917 2934 I,
949 2902 987 2935 Ρ.
1012 2892 1104 2932 367,·
1136 2891 1262 2935 Waitz,
1291 2892 1574 2934 ‘Verfi-Gesch!
1605 2892 1671 2934 IV,

112 2946 151 2978 Ρ.
175 2936 247 2971 410
269 2947 305 2971 π.
330 2937 365 2972 2.
460 2937 498 2979 8)
522 2937 576 2979 Cf.
602 2938 698 2973 Ann.
723 2937 922 2973 Prudentii.

1798 2963 1971 3207 s
